3557 5113
796 192 1015 306 140
1228 144 1913 283 ‚MFA'BM
2019 159 3228 293 quthitxANs

712 453 1105 540 canxxl
1126 457 1340 541 faber
1375 482 1558 535 cum
1616 453 1714 534 de
1766 453 2052 534 fabrica
2085 507 2109 540 ‚
2183 454 2258 529 &
2320 449 2645 530 muficus
2706 476 2885 530 cum
2953 450 3044 531 de
3089 451 3360 545 musica

1129 569 1188 650 si
1230 568 1422 675 quid
1466 565 2150 649 confirmationem
2202 559 2750 645 defideraverit
2784 617 2805 650 ‚
2877 559 3073 641 dicet
3122 595 3141 655 ;
3226 593 3358 644 non

1126 684 1273 762 erit
1322 678 1645 788 quidem
1698 701 1968 758 orator
2012 731 2036 766 ,
2120 670 2249 752 sed
2296 673 2524 753 faciet
2575 671 2767 753 illud
2819 671 3022 780 quasi
3093 698 3358 755 orator:

1126 791 1320 872 sicut
1372 820 1554 874 cum
1603 791 1876 871 vulnus
1925 788 2333 893 imperitus
2376 783 2749 895 deligabit
2782 840 2803 873 ‚
2867 812 3024 865 non
3062 788 3200 866 etit
3231 815 3362 865 me-

1125 902 1341 985 dicus
1375 960 1399 995 ,
1490 901 1617 981 sed
1662 902 1890 980 faciet
1946 921 2032 979 ut
2091 894 2467 977 medicus.
2625 903 2754 977 An
2808 895 3225 1000 hujufinodi
3259 926 3360 977 res

1132 1043 1276 1095 nec
1330 1020 1410 1094 in
1458 1012 1768 1093 laudem
1808 1068 1832 1103 ‚
1893 1039 2037 1090 nee
2094 1014 2176 1088 in
2212 1007 2853 1088 dehberationem
2887 1062 2909 1099 ‚
2969 1037 3104 1088 nec
3152 1012 3224 1087 in
3267 1012 3359 1110 ju-

1129 1125 1427 1207 dicium
1470 1130 1789 1205 veniunt
1843 1124 1864 1204 ἓ
1942 1128 2147 1228 Ergo
2197 1148 2384 1200 cum
2433 1118 2530 1200 de
2578 1118 2928 1205 faciendo
2975 1141 3194 1227 portu
3229 1124 3360 1198 Ho-

1126 1235 1379 1317 stienfi
1426 1236 1943 1343 deliberatum
2007 1233 2116 1313 est
2146 1288 2178 1314 ,
2269 1259 2432 1328 nou
2483 1231 2752 1311 debuit
2808 1231 3057 1311 dicere
3107 1230 3360 1313 senten-

1121 1352 1314 1430 tiam
1374 1371 1639 1429 orator
1694 1347 1715 1429 ?
1822 1347 2065 1452 Atqui
2126 1368 2318 1447 opus
2388 1367 2549 1423 erat
2605 1345 2907 1423 ratione
2961 1345 3354 1423 architecte»

1116 1487 1315 1540 rum.
1410 1463 1870 1547 Livore5.&
1929 1479 2273 1536 tumores
2324 1457 2401 1533 in
2447 1483 2823 1562 corpore,
2884 1453 3254 1536 cruditatis
3282 1481 3360 1533 an

1116 1575 1394 1652 veneni
1434 1568 1641 1676 figna
1683 1568 1826 1648 fint
1866 1625 1888 1659 ‚
1933 1596 2096 1646 non
2139 1567 2405 1645 tractat
2453 1591 2720 1647 orator
2781 1566 2801 1645 ?
2880 1572 2987 1645 At
3024 1567 3128 1648 est
3175 1564 3243 1645 id
3282 1592 3360 1643 ex

1111 1687 1415 1763 ratione
1473 1679 1899 1760 medicinae.
1990 1680 2212 1760 Circa
2267 1678 2654 1759 mensuras
2707 1683 2787 1757 δε
2836 1705 3193 1759 numeros
3226 1702 3362 1756 non

1113 1791 1537 1873 versabitur
1592 1793 1614 1871 ?
1712 1796 2084 1871 Dicamus
2174 1788 2309 1868 has
2402 1792 2860 1915 geometria*
2926 1789 3068 1871 effi:
3128 1811 3361 1896 partes.

1112 1901 1496 2008 Equidem
1546 1906 1816 1981 omnia
1865 1902 2026 1981 fere
2087 1897 2294 2005 poss'e
2352 1898 2593 1981 credo
2654 1899 2826 1981 casu
2878 1900 3133 2008 aliquo
3191 1900 3362 1980 veni-

1107 2043 1196 2095 re
1260 2016 1343 2093 in
1385 2012 1739 2095 officium
1795 2014 2170 2091 oratoris:
2264 2010 2479 2120 quod
2530 2010 2586 2089 fi
2645 2037 2809 2091 non
2867 2012 3188 2101 accidet,
3230 2036 3364 2088 non

1112 2146 1337 2204 erunt
1385 2127 1457 2203 ei
1522 2124 1869 2225 subjesta.
1937 2128 2046 2205 lta
2104 2118 2205 2202 fic
2254 2150 2576 2230 quoque
2629 2124 2837 2207 recte
2885 2123 3205 2205 diximus
3231 2150 3362 2200 ma-

1111 2240 1387 2317 teriam
1465 2238 1890 2316 rhetorices
1946 2233 2090 2314 effe
2162 2262 2435 2316 omnes
2499 2262 2623 2314 res
2684 2234 2791 2315 ad
2847 2234 3249 2317 dicendum
3302 2232 3360 2307 ei

1110 2348 1479 2447 subjectas
1525 2380 1549 2440 ς
1596 2347 1813 2455 quod
1861 2344 2180 2454 quidem
2245 2346 2521 2449 probat
2594 2347 2836 2427 etiam
2887 2347 3138 2427 sermo
3189 2370 3360 2425 com·

1115 2461 1393 2540 munis.
1482 2465 1690 2539 Nam
1747 2485 1931 2538 cum
1995 2454 2284 2563 aliquid
2347 2453 2444 2536 de
2502 2484 2660 2566 quo
2726 2456 3075 2541 dicamus
3117 2455 3363 2561 accepia

1119 2598 1294 2651 mus
1330 2628 1355 2662 ‚
1412 2569 1741 2675 positam
1774 2570 1994 2652 nobis
2048 2566 2194 2652 effe
2240 2573 2649 2651 materiam
2694 2570 3139 2680 frequenter
3168 2575 3361 2651 etiam

1119 2681 1569 2788 praefatione
1635 2681 2056 2780 testamur„
2119 2682 2447 2785 Gorgias
2504 2679 2836 2789 quidem
2872 2682 3076 2766 adeo
3114 2677 3363 2763 rhetori

1120 2792 1223 2874 de
1275 2795 1640 2877 omnibus
1685 2795 1985 2897 putavit
2034 2789 2178 2872 effe
2241 2788 2665 2879 dicendum
2694 2847 2717 2883 ‚
2792 2817 2881 2876 ut
2934 2796 3009 2875 se
3059 2799 3136 2874 in
3190 2786 3367 2872 audi-

1121 2907 1338 2983 toriis
1388 2908 1850 3010 interrogari
1894 2923 2282 3009 pateretur
2322 2956 2348 2993 ,
2413 2931 2561 3011 qua
2608 2902 2931 3014 quisque
2984 2906 3082 2987 de
3125 2933 3203 2985 re
3236 2898 3366 2985 vel-

1121 3016 1255 3103 let.
1367 3019 1895 3122 Hermagoras
1949 3040 2263 3121 quoque
2305 3009 2639 3097 dicendo
2688 3022 3101 3100 materiam
3143 3011 3272 3097 esse
3300 3016 3364 3090 in

1117 3126 1333 3209 causti
1387 3132 1466 3208 &
1511 3131 1592 3206 in
1648 3126 2187 3236 quaestionibus
2236 3180 2264 3214 ,
2326 3154 2608 3207 omnes·
2651 3154 2772 3207 res
2822 3130 3178 3233 subjestas
3230 3142 3365 3206 erat

1116 3238 1598 3345 complexus.
1688 3238 1837 3320 Sed
1900 3237 2352 3344 quaestiones
2400 3236 2457 3318 si
2501 3231 2753 3344 ‘negat
2804 3239 2906 3324 ad
2968 3240 3368 3324 rhetoricen

1111 3353 1503 3454 pertinere
1554 3404 1578 3441 ,
1658 3348 1994 3430 diffentit
2063 3377 2109 3429 a
2175 3349 2452 3431 nobis':
2509 3348 2564 3429 fi
2609 3373 2878 3432 autem
2930 3352 3026 3433 ad
3078 3347 3368 3434 rhetori·

1114 3487 1262 3543 cen
1317 3466 1706 3567 pertinent
1746 3516 1768 3549 ‚
1835 3460 1929 3539 ab
1983 3459 2134 3539 hoc
2175 3487 2491 3566 quoque
2560 3458 3042 3563 adjuvamur.
3179 3452 3369 3541 Nihil

1109 3572 1222 3653 est
1270 3576 1484 3672 enim
1537 3567 1750 3679 quod
1813 3598 1978 3655 non
2029 3576 2111 3650 in
2180 3569 2484 3654 causam
2547 3569 2673 3653 aut
2736 3573 3238 3682 quaestionem
3275 3593 3374 3648 ca-

1096 3680 1256 3784 dat.
1407 3681 1857 3765 Aristoteles
1911 3705 2065 3761 tres
2129 3680 2526 3768 faciendot
2587 3707 2784 3791 arteq
2837 3688 3242 3767 orationis,
3273 3683 3371 3782 ju-

1100 3791 1461 3880 dicialem
1483 3850 1506 3886 ,
1569 3790 2154 3883 deliberativam
2194 3848 2219 3886 ,
2268 3791 2509 3877 demo
2711 3790 2966 3885 ‘t‘ivam
2982 3855 3009 3887 ‚
3068 3821 3261 3917 pene
3304 3794 3371 3978 ff

3232 3931 3306 4013 ip
3331 3926 3372 3984 e
