3557 5113
384 212 619 374 De
671 194 1103 412 Iastia
1151 208 1874 386 Oratoria,
1912 198 2211 443 Lib?
2260 202 2361 360 I.
2672 228 2796 351 17

238 536 426 618 mitti
470 562 801 645 puerum
837 531 1067 626 volo,
1122 535 1253 616 ubi
1301 532 1753 642 negligatur.
1851 536 2001 616 Sed
2033 563 2286 644 neque
2323 562 2602 643 prae-C
2623 582 2665 633 Α
2693 583 2769 635 ρ,-
2808 560 2929 637 11.)

238 676 489 758 ceptor
542 647 789 730 bonus
836 652 1134 748 majore
1192 647 1261 727 se
1343 650 1562 728 turba
1595 703 1617 737 ‚
1705 673 1944 752 quam
2012 671 2096 727 ut
2154 648 2516 728 sustinere

234 791 394 842 mm
442 761 671 868 possit
698 820 720 852 ,
787 760 1272 841 oneraverit:
1341 764 1419 840 ὃ(
1476 762 1831 865 inprimis
1869 787 1957 839 ea
2007 758 2356 840 habenda
2386 789 2517 841 cu·

237 903 307 952 ra
356 875 461 954 est
500 931 523 964 ,
591 897 676 953 ut
715 878 774 952 is
823 871 1298 951 omnimodo
1362 871 1495 951 fiat
1542 870 1763 950 nobis
1797 871 2280 951 familiariter
2327 876 2519 951 ami-

232 1012 348 1066 cus
382 1015 399 1065 ε
465 1012 608 1065 nec
643 987 1002 1066 officium
1045 987 1124 1062 in
1165 979 1523 1063 docendo
1564 982 1886 1089 spediet,
1953 983 2083 1064 sed
2132 982 2513 1085 affestum.

234 1100 321 1177 ita
366 1125 765 1205 nunquam
813 1096 1102 1175 erimus
1158 1099 1238 1174 in
1297 1096 1535 1175 turba.
1664 1101 1830 1175 Nec
1887 1093 2060 1177 sane
2110 1095 2514 1203 quisquam

238 1212 450 1290 literis
512 1210 781 1288 saltem
823 1208 1097 1289 leviter
1140 1207 1482 1287 imbutus
1522 1263 1544 1299 ‚
1610 1234 1793 1285 eum
1843 1210 1922 1286 in
1973 1234 2134 1317 quo
2175 1207 2514 1288 studium

234 1326 765 1430 ingeniumque
815 1320 1290 1426 perspexerit
1321 1376 1342 1410 ‚
1408 1347 1571 1398 non
1622 1321 1702 1397 in
1747 1315 1960 1399 suam
1996 1346 2308 1428 quoque
2347 1320 2515 1426 glo-

239 1440 414 1512 riam
446 1432 935 1538 peculiariter
984 1431 1297 1511 fovebit.
1398 1428 1543 1511 Sed
1607 1452 1694 1510 ut
1747 1430 2127 1536 fugiendae
2162 1431 2306 1511 sint
2359 1460 2519 1510 ma-

246 1569 393 1650 gna:
424 1546 626 1625 scolae
664 1548 836 1640 (cui
872 1572 969 1622 ne
1011 1542 1146 1650 ipsi
1199 1542 1517 1652 quidem
1563 1546 1671 1621 rei
1711 1541 2119 1632 adsentior,
2172 1541 2227 1620 st
2259 1540 2357 1622 ad
2386 1542 2519 1621 ali-

245 1684 452 1764 quem
481 1661 770 1737 merito
807 1659 1336 1752 concurritur)
1392 1683 1553 1736 non
1613 1676 1878 1734 tamen
1928 1653 2080 1734 hoc
2129 1682 2228 1733 eo
2268 1654 2516 1742 valeti,

238 1794 311 1848 ut
342 1768 711 1875 fugienda:
759 1768 902 1847 fint
931 1771 1262 1846 omnino
1293 1765 1531 1846 scolae.
1628 1764 1871 1846 Aliud
1920 1767 2029 1845 est
2077 1769 2290 1845 enim
2324 1768 2515 1847 vita-

240 1909 307 1960 re
345 1911 512 1971 eas,
578 1879 791 1961 aliud
858 1878 1164 1987 eligere.
1262 1883 1355 1958 Et
1419 1877 1476 1958 si
1521 1877 2026 1958 refutavimus
2089 1906 2259 1986 quae
2328 1906 2513 1958 con-

241 2018 335 2072 tra
364 1992 761 2083 dicuntur,
846 1995 1003 2093 jam
1080 1990 1554 2097 explicemus
1617 1988 1807 2096 quid
1884 1989 2019 2096 ipsi
2085 1990 2508 2098 sequamur.

236 2112 418 2185 Ante
446 2111 715 2188 omnia
757 2162 779 2195 ‚
844 2102 1141 2183 flaturus
1190 2124 1459 2182 orator
1483 2158 1505 2192 ‚
1545 2104 1666 2181 cui
1705 2105 1785 2180 in
1817 2106 2158 2181 maxima
2195 2101 2513 2182 celebri-

239 2240 378 2297 tate
424 2223 496 2298 &
546 2225 628 2297 in
674 2214 933 2298 media
980 2216 1268 2322 reipub.
1338 2214 1509 2293 luce
1562 2211 1983 2292 vivendum
2030 2214 2139 2291 est
2176 2271 2196 2303 ‚
2251 2212 2512 2292 ass'uesL

242 2352 355 2407 cat
404 2333 545 2427 jam
590 2359 635 2407 a
688 2352 962 2408 tenero
1009 2355 1171 2406 non
1225 2324 1729 2405 reformidare
1789 2325 2145 2405 homines
2180 2382 2202 2415 ‚
2257 2352 2508 2432 neque

252 2439 548 2520 solitaria
577 2448 653 2522 ὅ(
698 2440 915 2523 velut
973 2437 1364 2519 umbratili
1416 2438 1572 2517 vita
1630 2433 2068 2542 pallescere·
2157 2440 2507 2515 Excitan-

247 2549 330 2631 da
370 2583 573 2635 mens
624 2561 700 2635 δι
737 2550 1182 2634 adtollenda
1227 2549 1531 2656 semper
1575 2548 1722 2638 est,
1772 2575 1942 2654 quae
1990 2551 2069 2626 in
2117 2547 2509 2651 hujusmo-

240 2663 307 2744 di
359 2666 651 2747 stcretis
699 2689 833 2745 aut
874 2663 1294 2771 languescit
1328 2719 1350 2752 ‚
1416 2669 1494 2742 ὅ(
1528 2659 1924 2768 quendam
1963 2662 2176 2741 velut
2213 2665 2293 2741 in
2321 2689 2505 2769 opat-s

243 2805 323 2855 co
364 2777 579 2858 litum
649 2777 898 2870 ducit3
966 2799 1095 2855 aut
1132 2799 1403 2856 contra
1451 2773 1805 2853 tumescit
1851 2771 2056 2852 inani
2093 2773 2504 2881 persuasio-

245 2915 339 2967 ne.
413 2890 731 2971 Necesse
787 2889 897 2967 est
942 2892 1277 2967 nimium
1328 2885 1459 2965 fibi
1525 2886 1851 2974 tribuat,
1890 2888 2023 2993 qui
2073 2884 2143 2964 se
2205 2888 2502 2966 nemini

240 3028 623 3111 comparat-
724 3000 1029 3082 Deinde
1079 3028 1263 3079 cum
1298 2997 1761 3106 proferenda
1804 2998 1970 3077 sunt
2005 2996 2246 3077 studia
2269 3053 2291 3087 ‚
2329 2998 2512 3077 cali-

248 3137 353 3216 gat
390 3121 456 3196 in
504 3115 670 3198 sole
707 3172 733 3206 ‚
796 3120 875 3194 ὅ(
921 3115 1187 3192 omnia
1233 3139 1438 3192 nova
1500 3109 1881 3189 offendit:
1950 3111 2163 3191 velut
2211 3115 2349 3218 qui
2392 3109 2509 3189 so-

245 3223 335 3304 lus
360 3226 747 3318 didicerit,
789 3223 1005 3333 quod
1038 3229 1243 3304 inter
1288 3222 1579 3302 multos
1626 3221 2064 3300 faciendum
2110 3221 2238 3300 e‘st.
2267 3226 2506 3300 Mitto

244 3344 570 3420 amicitias
604 3398 629 3431 ‚
694 3366 872 3447 quae
920 3335 1014 3416 ad
1070 3336 1541 3416 senestutem
1591 3331 1827 3439 usque
1868 3330 2316 3412 firmissimae
2369 3330 2518 3422 du-,

248 3476 417 3541 rant,
469 3452 827 3559 religiosa
861 3447 1192 3557 quadam
1235 3442 1782 3528 neceffitudine
1829 3445 2162 3524 imbutae.
2231 3452 2510 3552 Neque

253 3567 417 3642 enirn
444 3566 549 3644 est
581 3566 956 3651 ianstius,
1009 3560 1228 3641 sacris
1256 3559 1552 3642 :iisdem
1567 3559 1603 3649 ‚⁴
1625 3586 1862 3665 quam
1899 3556 2159 3637 studiis
2199 3561 2502 3638 initiari.

258 3674 509 3757 Sensum
555 3678 823 3786 ipsum
856 3730 879 3764 ‚
933 3677 1067 3782 qui
1120 3675 1570 3752 communis
1630 3668 1914 3750 dicitur
1952 3726 1974 3759 ‚
2038 3672 2169 3749 ubi
2221 3670 2506 3761 discet,

259 3807 402 3862 cum
430 3789 487 3867 se
527 3821 569 3870 a
622 3784 1247 3898 congreffu,qui
1300 3814 1460 3866 non
1514 3778 1957 3866 hominibus
2006 3781 2256 3865 solum
2292 3841 2314 3875 ‚
2380 3782 2511 3862 sed

238 3901 446 3978 muris
483 3901 808 4012 quoque
862 3900 1314 3980 animalibus
1371 3895 1737 3980 nanu-ahs
1776 3894 2446 4007 est1‚‘=.segre·garit
2480 3894 2508 3973 ἓ

227 4006 459 4105 Adde,
498 4017 749 4125 quod
786 4010 1171 4093 domi-ea
1231 4010 1389 4094 sola
1414 4008 2297 4121 &exoptatam-quat
2367 4003 2522 4115 dpss

270 4172 275 4178 ·
1507 4129 1576 4205 C
1639 4149 1678 4201 2
2323 4145 2520 4230 prae-
