3557 5113
794 188 943 332 '30
1315 179 1467 289 M.-
1556 182 1938 317 ΒΑΜ]
2077 179 3095 313 QrNcrrtmm

454 442 497 486 s
658 478 789 556 'Ca
811 502 875 553 r.
952 476 1048 555 V.
1076 474 1448 551 Occurrat
1510 468 1710 547 mihi
1776 463 2032 553 forsan
2094 463 2365 579 aliquis
2400 519 2423 555 ‚
2487 467 2677 575 quid
2737 468 2877 551 hic
2953 460 3366 573 promissor

656 568 671 581 ’
1078 584 1269 663 tanti
1313 584 1569 687 operis
1619 579 1987 685 dignum?
2022 600 2183 669 *aut
2219 583 2388 686 quis
2438 579 2592 659 hoc
2631 580 2912 669 nescit,
2978 579 3166 658 alios
3197 579 3363 658 bar-

1076 692 1444 775 barismos
1500 688 1900 772 scribendo
1944 690 2110 770 fieri
2138 747 2160 781 ,
2198 691 2387 771 alios
2430 691 2874 801 loquendo?
2944 693 3130 799 quia
3151 687 3364 799 quod

988 849 1002 867 =
1071 805 1278 886 male
1329 803 1719 893 scribitur,
1774 801 1978 883 male
2022 806 2258 884 etiam
2296 801 2447 883 dici
2483 805 2770 885 necesse
2825 803 2976 885 est:
3125 807 3204 881 ui
3252 807 3364 882 vi-

1070 916 1260 998 tiose
1294 914 1793 1006 dixerit,non
1835 920 2099 1027 utique
2135 913 2539 1021 &scripto
2577 941 2876 1025 peccat:
2922 913 3066 994 lllu
3152 916 3362 1021 prius

1067 1028 1521 1133 adjefflone,
1560 1025 2056 1117 detraffione,
2095 1032 2663 1137 immutatione,
2688 1027 3370 1110 transmutatione:

1069 1141 1221 1222 hoc
1264 1139 1683 1221 secundum
1714 1137 2113 1230 divisione,
2131 1140 2676 1246 complexione
2696 1198 2716 1232 ,
2736 1140 3215 1248 aspiratione,
3248 1138 3366 1219 so-

1069 1280 1178 1334 no
1222 1251 1647 1336 contineri?
1714 1250 1861 1331 Sed
1908 1275 1993 1332 ut
2048 1248 2281 1360 parva
2329 1251 2472 1333 sint
2533 1253 2745 1348 haec3
2806 1256 3027 1360 pueri
3077 1250 3366 1334 docen-

1068 1388 1198 1445 tur
1231 1363 1480 1445 adhuc
1504 1420 1527 1455 ,
1591 1368 1669 1445 &
1703 1367 2251 1470 grammaticos
2293 1365 2531 1468 offieij
2575 1364 2686 1445 sui
2740 1391 3360 1446 commonemus.

1066 1503 1165 1555 ex
1199 1477 1474 1585 quibus
1518 1474 1569 1555 fi
1610 1479 1778 1582 quis
1826 1466 1973 1555 erit
2024 1475 2250 1581 plane
2295 1476 2732 1584 impolitus,
2773 1475 2850 1557 δὲ
2897 1474 3363 1559 vestibulum

1065 1589 1314 1668 modo
1349 1590 1528 1668 artis
1577 1588 1799 1690 hujus
1833 1587 2192 1692 ingreffizs
2225 1644 2247 1678 ,
2315 1591 2511 1667 intra
2544 1590 2704 1670 haec
2758 1616 2928 1697 quae
2983 1586 3370 1694 profitenss

1068 1702 1272 1780 tium
1300 1697 1961 1779 commentariolis
2008 1699 2318 1805 vulgata
2361 1697 2573 1792 sunt,
2642 1698 2993 1781 consistet
3034 1734 3050 1779 :
3116 1696 3370 1779 (1οὲὶὶ-

1061 1837 1235 1890 ores
1264 1813 1515 1919 multa
1562 1807 1956 1909 adjicient:
2016 1811 2140 1891 vel
2188 1810 2341 1915 hoc
2383 1815 2771 1918 primum,
2812 1809 3052 1923 -quod
3095 1811 3365 1890 barba-

1059 1919 1388 2005 rismum
1440 1919 1784 2029 pluribus
1837 1918 2093 2004 modis
2142 1922 2606 2027 accipimus„
2673 1928 2938 2029 Unum
2979 1928 3059 2002 in
3094 1918 3365 2030 ge'nte,

1060 2033 1291 2140 quale
1318 2033 1410 2114 fit
1468 2031 1525 2112 si
1574 2039 1742 2142 quis
1804 2033 2089 2113 Afrum
2134 2033 2260 2113 vel
2297 2022 2726 2141 Hispanum
2778 2036 3074 2116 Latinae
3121 2030 3368 2114 orati-2

1064 2148 1202 2225 oni
1241 2173 1537 2226 nomen
1570 2143 1844 2225 inserat
1876 2178 1895 2222 ι
1985 2167 2071 2225 ut
2118 2144 2412 2224 ferrum
2451 2175 2610 2255 quo
2656 2170 2840 2228 rotae
2872 2151 3370 2238 vinciuntur,

1067 2254 1221 2359 dici
1283 2256 1472 2363 solet
1537 2257 1875 2339 canthus:
1934 2283 2378 2365 quanquam
2431 2287 2570 2348 eo,
2624 2281 2990 2366 tanquam
3036 2280 3368 2365 recepto

1066 2370 1313 2450 utitur
1358 2366 1663 2451 Persius.
1753 2368 1942 2450 ficut
1990 2367 2335 2451 Catullus
2364 2372 2758 2493 ploxenum
2804 2375 3018 2481 circa‘
3060 2368 3370 2450 Padum

1066 2482 1363 2580 invenit
1405 2514 1424 2561 ε
1503 2488 1583 2566 ὅ(
1642 2483 1724 2561 in
1791 2484 2141 2574 oratione
2187 2479 2536 2562 Labieni
2564 2492 2594 2577 (
2624 2480 2775 2564 ssve
2831 2474 2986 2563 illa'
3010 2482 3370 2586 Cornelii

1063 2593 1279 2676 Galli*
1317 2591 1472 2702 est)
1520 2599 1601 2673 in
1630 2585 2104 2683 Pollionem,
2155 2594 2400 2700 castlar
2425 2593 2819 2675 asse-stator
2855 2625 2896 2676 e
2936 2594 3194 2675 Gallia
3225 2596 3376 2676 du-

1065 2704 1281 2806 &um
1339 2704 1470 2784 est.
1522 2732 1708 2784 nam
1769 2705 2239 2810 mqstrucam‘,
2309 2704 2524 2814 quod
2580 2705 2904 2788 Sardum
2953 2705 3062 2787 est
3097 2761 3123 2799 ,
3183 2707 3378 2790 illu-

1064 2814 1256 2897 dens
1289 2818 1564 2898 Cicero
1613 2843 1707 2895 ex
1759 2816 2128 2898 industria
2173 2811 2389 2898 dixit'.
2423 2817 2426 2826 '
2483 2818 2847 2910 Alterum
2888 2847 3129 2928 genus
3189 2821 3373 2922 bar-

1064 2926 1377 3007 barismi
1420 2931 1835 3035 accipimus
1871 2984 1895 3019 ,
1957 2923 2176 3039 quod
2241 2928 2331 3009 fit
2386 2930 2622 3009 animi
2686 2955 2996 3012 natura:
3061 2953 3147 3011 ut
3198 2936 3288 3022 is*
3329 2962 3384 3016 a

1060 3066 1224 3146 quo
1272 3036 1687 3144 insolenter
1727 3038 1918 3149 quid
1941 3096 1963 3131 ‚
2024 3063 2156 3120 aut
2185 3044 2611 3134 minaciter,
2636 3067 2764 3138 aut
2792 3039 3218 3125 crudeliter
3248 3043 3380 3124 di-

1061 3152 1282 3231 stum
1323 3148 1458 3240 fit,
1522 3152 1835 3233 barbare
1888 3152 2191 3235 locutus
2236 3151 2750 3246 existimatur„
2826 3160 3187 3238 Tertium
3257 3157 3386 3237 est

1059 3262 1256 3362 illud
1331 3266 1610 3374 vitium
1659 3265 2099 3345 barbarismi
2131 3321 2155 3357 ‚
2230 3270 2439 3370 cujus
2493 3259 2850 3394 exempla
2898 3269 3136 3375 vulgo
3176 3264 3383 3374 sunt

1058 3374 1398 3480 plurima
1415 3428 1443 3463 «,
1492 3373 1630 3453 fibi
1680 3382 1918 3455 etiam
1972 3377 2290 3485 quisque
2352 3377 2645 3486 fingere
2690 3379 2943 3488 potest
2954 3412 2977 3476 3
3036 3400 3126 3459 ut
3150 3391 3158 3399 “
3181 3408 3390 3488 ver-

1055 3486 1166 3566 bo
1221 3487 1346 3566 cui
1370 3482 1645 3570 „libebit
1685 3486 1987 3591 adjiciat
2020 3487 2325 3568 literam
2373 3483 2876 3596 syllabamve,
2931 3489 3060 3573 vel
3099 3483 3400 3575 detra'-

1055 3595 1238 3688 hat,
1295 3619 1425 3677 aut
1470 3597 1698 3676 aliam
1736 3626 1885 3706 pro
1934 3598 2122 3690 alia,
2180 3623 2309 3689 aut
2346 3603 2672 3688 eandem
2728 3605 2884 3686 alio
2941 3630 3190 3711 quam
3253 3634 3398 3686 re-

1051 3708 1269 3793 &um
1304 3708 1414 3789 est
1455 3707 1636 3794 loco
1684 3732 1941 3817 ponat.
1998 3712 2144 3793 Sed
2193 3711 2512 3822 quidam
2544 3718 2821 3812 fere‘in
2853 3716 3404 3820 jastationem

1036 3819 1510 3908 *eruditionis
1560 3818 1857 3904 sumere
1891 3822 2020 3902 illa
2055 3852 2151 3904 ex
2186 3829 2439 3931 poetis
2480 3823 2773 3911 'solent'z
2815 3841 2958 3931 [ut
2998 3828 3405 3914 anantes

1055 3959 1252 4047 quos
1318 3932 1789 4043 praelegunt,
1862 3937 2388 4024 criminentur.
2547 3945 2754 4027 Scire
2804 3933 3066 4060 autem
3115 3938 3411 4029 deber,
