3557 5113
265 268 495 431 De
548 261 988 474 Jffit.
1039 208 1767 442 oratoria,
1826 261 2128 423 Lib.
2155 268 2271 429 1,
2558 279 2701 493 τεᾷ

169 596 311 676 dem
367 599 443 677 in
508 586 793 704 plurali
852 627 1188 687 numero,
1236 629 1277 683 e
1336 600 1791 690 utebantur,
1843 604 1926 684 in
1977 600 2137 694 his,
2191 596 2411 715 sylla,
2440 622 2629 712 Cu,
2663 563 2821 708 V1f'

172 709 357 790 calba.
442 708 571 789 Est
602 714 684 792 in
739 710 881 792 hac
921 740 1236 824 quoque
1294 735 1514 822 parte
1560 712 1846 801 Lucilii
1881 736 2411 824 praeceptum:

171 822 335 931 quod
389 826 571 931 quia
631 822 976 931 pluribus
1034 827 1465 935 explicatur
1510 824 1886 918 versibus,
1946 824 2008 907 fi
2056 830 2226 936 quis
2275 855 2409 935 pa·-

175 963 309 1014 rum
349 934 609 1016 credat
627 991 651 1028 ,
705 938 917 1046 apud
962 938 1219 1048 ipsum
1276 943 1360 1020 in
1433 967 1651 1020 nono
1689 942 2054 1049 requirat.
2192 936 2409 1045 Q'td

174 1047 335 1154 quod
377 1052 771 1132 Ciceronis
822 1053 1301 1161 temporibus
1320 1109 1345 1145 ‚
1408 1054 1881 1162 paulumque
1943 1053 2140 1133 infra
2174 1107 2198 1144 ,
2244 1052 2411 1133 fere

173 1165 411 1268 quoties
438 1163 529 1269 f
542 1162 770 1244 litera
820 1164 1079 1247 media
1127 1166 1520 1273 vocalium
1567 1165 1980 1271 longarum
2000 1221 2023 1257 ‚
2079 1163 2209 1245 vel
2240 1163 2411 1244 sub-

175 1275 317 1374 jesta
342 1274 581 1381 longis
641 1275 863 1373 effet,
913 1277 1488 1386 geminabatur?
1578 1301 1666 1359 ut
1703 1277 1927 1385 cauffie
1944 1335 1966 1362 ‚
2021 1274 2268 1386 cqffus,
2291 1276 2408 1357 di-

176 1387 459 1498 riffiones:
507 1415 679 1499 quo
710 1388 959 1476 modo
997 1397 1079 1473 δι
1117 1390 1371 1500 ipsum
1388 1448 1413 1484 ‚
1476 1395 1559 1475 ὅ(
1601 1388 2040 1497 ‘Virgilium
2091 1411 2407 1500 quoque

176 1497 470 1605 scripfiss'e
488 1557 506 1585 ‚
548 1531 831 1587 manus
881 1532 1159 1586 eorum
1195 1503 1502 1586 docent.
1597 1506 1848 1613 Atqui
1905 1501 2228 1609 paulum
2289 1499 2410 1581 su-

177 1616 463 1715 periores
486 1670 508 1704 ‚
584 1618 833 1697 etiam
887 1617 1085 1701 illud
1136 1617 1356 1726 quod
1423 1643 1566 1697 nos
1620 1619 1933 1722 gemina
1962 1614 2053 1720 s
2083 1612 2413 1694 dicimus

164 1725 297 1836 jnffi
313 1780 335 1815 ,
390 1753 517 1806 una
593 1726 982 1810 dixerunt.
1096 1735 1349 1811 Etiam
1416 1736 1715 1841 optimus
1749 1784 1771 1813 ,
1872 1732 2272 1816 maximus,
2324 1745 2412 1805 ut

182 1837 524 1919 mediami
579 1841 934 1935 literam,
988 1869 1160 1950 quae
1217 1842 1602 1927 veteribus
1655 1869 1709 1922 u
1749 1839 2000 1920 fuerat
2021 1893 2046 1929 ‚
2113 1841 2409 1942 accipe·

184 1972 345 2041 tent,
428 1950 508 2033 C.
556 1957 920 2063 primum
983 1952 1293 2037 Caesaris
1338 1952 1840 2064 inscriptione
1915 1948 2243 2030 traditur
2298 1946 2410 2030 fa-

181 2060 357 2142 stum.
438 2078 643 2159 Here,
680 2095 892 2148 nunc
936 2097 979 2150 e
1023 2066 1250 2148 litera
1285 2070 1829 2146 terminamus:
1919 2085 1998 2143 at
2051 2086 2410 2145 veterum

179 2176 619 2260 Comicorum
658 2178 908 2261 adhuc
967 2179 1182 2261 libris
1235 2180 1551 2260 invenio
1569 2233 1594 2269 ‚
1656 2185 1837 2257 Heri
1885 2176 1993 2255 ad
2028 2206 2143 2255 me
2179 2181 2406 2257 venit.

174 2286 372 2391 Qod
410 2287 603 2373 idem
656 2294 743 2372 in
782 2291 1120 2400 epistolis
1156 2290 1522 2398 Augusti,
1559 2317 1745 2398 quas
1789 2287 1918 2370 sua
1969 2314 2209 2377 manu
2241 2284 2411 2365 scri-

173 2395 300 2501 psit
332 2453 353 2488 ³
419 2427 531 2482 aut
572 2402 1023 2487 emendavit
1054 2459 1080 2499 ‚
1140 2400 1769 2511 deprehenditur.
1880 2397 2154 2503 Qid?
2243 2424 2412 2478 non

174 2514 347 2591 Cato
390 2514 769 2599 Censorius
784 2567 828 2611 ·,
876 2517 1115 2599 dicam
1173 2521 1253 2598 &
1285 2516 1575 2624 ficiam
1614 2571 1637 2607 ‚
1699 2514 1929 2594 dicem
2008 2516 2088 2592 ὅ(
2129 2511 2411 2619 faciem

172 2621 444 2731 scriptit?
497 2628 991 2738 eundemque
1054 2632 1137 2709 in
1193 2633 1486 2710 caeteris
1525 2683 1552 2720 ,
1615 2653 1787 2735 quae
1859 2621 2213 2723 {imiliter
2285 2647 2409 2702 ca-

179 2730 357 2829 dunt,
400 2740 730 2838 modum
788 2741 1079 2823 tenuit?
1160 2738 1378 2850 quod
1418 2746 1498 2821 &
1538 2768 1649 2819 ex·
1688 2737 2076 2821 veteribus
2117 2737 2277 2839 ejus
2315 2732 2406 2814 li..

183 2845 303 2927 bn's
337 2854 807 2936 manifestum
864 2852 1015 2944 est,
1076 2858 1158 2934 &
1217 2882 1263 2932 a
1326 2850 1641 2950 Messala¹
1674 2854 1760 2931 in
1816 2847 2021 2931 libro
2078 2845 2177 2928 de
2225 2862 2277 2928 S
2322 2843 2410 2942 li,

180 2982 299 3040 tera
331 2965 668 3070 politum.
736 2963 926 3049 -Sibe
967 2971 1045 3047 ὅ(
1098 2966 1307 3077 quast
1336 3020 1360 3055 ‚
1424 2962 1793 3070 scriptum
1843 2965 1927 3042 in
1966 2959 2411 3044 multorum

170 3070 345 3155 libris
367 3077 496 3158 est:
563 3077 696 3160 sed
746 3107 846 3160 an
891 3079 1043 3157 hoc
1095 3077 1488 3159 voluerint
1541 3074 1888 3156 austeres
1908 3129 1931 3164 ‚
1997 3071 2286 3154 nescio:
2310 3073 2404 3150 T.

168 3185 429 3269 Livium
453 3193 557 3271 ita
612 3192 735 3271 his
787 3188 1009 3272 usum
1045 3244 1068 3279 ‚
1135 3218 1233 3270 ex
1294 3186 1639 3268 Pediano.
1679 3190 2084 3291 comperi,
2136 3186 2273 3291 qui
2323 3188 2410 3265 δε

170 3296 289 3400 ἰρίὲ
318 3329 494 3382 eum
542 3302 1018 3411 sequebatur.
1078 3301 1240 3383 haec
1287 3307 1498 3379 nosi
1539 3298 1763 3376 litera
1812 3295 2148 3376 finimus.
2196 3285 2412 3399 Qud

176 3406 373 3492 dioem
422 3423 763 3505 vortices,
805 3420 884 3496 ὅ(
924 3413 1163 3521 vorssa
1183 3468 1205 3506 ‚
1263 3431 1687 3517 caeteraque
1727 3406 1826 3487 ad
1867 3403 2205 3489 eundem
2237 3433 2416 3487 mo-

182 3517 356 3615 dum,
415 3554 584 3634 quae
637 3530 907 3633 primo
958 3529 1213 3633 Scipio
1259 3523 1665 3604 Africanus
1721 3523 1803 3601 in
1860 3552 1896 3601 e
1948 3519 2260 3601 literam
2300 3516 2410 3599 se-

186 3635 443 3719 cundam
481 3638 789 3723 vertiss'e
832 3637 1153 3721 dicitur?
1223 3635 1489 3717 Nostri
1531 3654 2042 3741 praeceptores
2083 3662 2411 3719 cervum,

166 3742 552 3870 samque,
625 3785 686 3833 ν
760 3756 839 3834 ὅ(
881 3782 930 3833 -o
980 3751 1219 3832 literis
1293 3747 1788 3855 scripserunt,
1850 3747 2032 3854 quia
2085 3743 2416 3850 subjecta

171 3848 309 3936 fib!
333 3866 564 3949 vocalis
588 3922 616 3960 ,
679 3870 774 3947 in
812 3892 1060 3945 unum
1100 3862 1379 3946 sonum
1433 3859 1856 3943 coalescere
1876 3914 1903 3951 ,
1961 3863 2046 3939 f&
2092 3857 2419 3940 confun-

164 3961 229 4044 di
268 3981 639 4084 nequiret:
732 4004 941 4058 nunc
992 4004 1041 4058 u
1097 3980 1409 4083 gemina
1463 3972 1930 4062 scribuntur,
1978 3998 2069 4051 ea
2118 3974 2417 4050 ratione

155 4102 346 4190 quam
391 4087 755 4175 reddidi:
852 4110 1132 4174 neutro
1170 4087 1345 4173 sane
1399 4085 1648 4172 modo
1704 4113 1864 4194 vox
1904 4108 2143 4194 quam
2189 4079 2419 4159 senti-

1482 4213 1489 4222 ·
2204 4214 2378 4272 mus
2393 4241 2424 4285 ‚
