3557 5113
798 222 1032 363 284
1425 219 1568 322 M.
1668 218 2038 321 FAss11
2148 214 3146 350 chrimam

707 514 896 592 Cat.
949 510 1055 593 X.
1126 505 1258 586 bio
1299 503 1550 585 rursus
1593 500 1990 612 spectanda
2032 501 2237 594 sunt,
2301 530 2401 581 an
2436 501 2569 586 sit,
2628 502 2818 611 quid
2856 503 2992 596 sit,
3040 506 3262 613 quale
3299 504 3388 588 fit.

1124 616 1272 697 Sed
1312 624 1491 723 quia
1534 617 1699 697 sunt
1751 614 2070 725 quidam
2109 615 2263 694 loci
2296 639 2939 721 argumentorum
2994 615 3111 696 his
3168 625 3393 698 omni·

1121 731 1262 809 bus
1306 757 1804 819 communeS,
1842 727 2083 808 dividi
2126 727 2287 807 haec
2338 731 2480 807 tria
2523 754 2807 832 genera
2864 755 3029 808 non
3074 729 3395 835 polibat,

1122 841 1454 949 ideoque
1491 841 1680 921 locis
1715 843 2010 945 potius,
2068 861 2153 917 ut
2217 842 2294 917 in
2333 840 2673 945 quoique
2717 842 3154 929 incurrent,
3201 841 3389 942 subji-

1124 952 1395 1032 cienda
1438 952 1627 1032 sunt.
1722 959 2138 1032 Ducuntur
2200 953 2434 1056 igitur
2489 974 2940 1056 argumenta
2986 980 3083 1032 ex
3137 950 3393 1032 finitio-

1121 1093 1263 1153 ne,
1304 1063 1430 1143 seu
1470 1063 1662 1145 fine:
1731 1092 1917 1144 nam
1975 1084 2303 1167 utroque
2345 1060 2591 1140 modo
2639 1063 2981 1141 traditur.
3062 1066 3232 1163 Ejus
3276 1064 3389 1144 du-

1115 1176 1301 1282 plex
1344 1180 1540 1255 ratio
1583 1175 1712 1254 est.
1812 1181 1971 1254 Aut
2012 1178 2223 1253 enim
2264 1171 2717 1277 simpliciter
2761 1180 3175 1280 quaeritur,
3227 1175 3392 1256 fitne

1119 1287 1273 1366 hoc
1338 1291 1598 1368 virtus.
1677 1309 1811 1367 aut
1874 1283 2367 1365 antecedente
2425 1283 2831 1387 finitione,
2888 1285 3077 1391 quid
3134 1284 3223 1365 fit
3263 1292 3394 1367 vit-

1122 1425 1260 1478 ωε.
1355 1404 1465 1477 Ita
1509 1420 1639 1478 aut
1694 1398 2125 1476 universam
2181 1401 2341 1475 vim
2382 1398 2596 1476 verbi
2633 1396 3395 1501 complectimurmt}

1120 1509 1481 1590 Rhetorice
1524 1511 1618 1614 ςβ
1650 1508 1817 1588 bene
1855 1509 2140 1587 dicendi
2160 1508 2508 1612 fienda,
2572 1531 2702 1586 aut
2734 1536 2880 1614 per
2938 1531 3193 1613 partes
3213 1565 3241 1600 5
3283 1535 3389 1589 ut·
3372 1568 3393 1603 ,

1119 1621 1480 1702 Rhetorice
1518 1622 1610 1725 esl
1638 1628 1819 1699 rec‘Je
1852 1619 2314 1703 inveniendi,
2359 1617 2450 1711 ῤ’
2491 1619 2893 1727 disponendi
2925 1617 3017 1711 dy·
3058 1625 3163 1700 elo
3161 1622 3401 1734 quendi

1123 1763 1280 1812 cum
1292 1737 1522 1841 firma
1561 1738 1942 1814 memoria,
1976 1728 2068 1821 dr*
2118 1760 2275 1810 cum
2326 1732 2678 1840 dignitate
2733 1736 3027 1812 amoma
3046 1788 3069 1822 ‚
3092 1736 3393 1839 βίοιιιί.

1115 1846 1483 1922 Praeterea
1530 1842 1844 1922 finimus
1909 1864 2040 1920 aut
2097 1845 2223 1932 vi,
2291 1840 2477 1921 sicut
2536 1842 2979 1949 superiora:
3022 1867 3159 1923 aut
3186 1841 3398 1942 ἐτυμο-

1116 1957 1368 2056 λογίαι,
1433 1976 1516 2033 ut
1547 1952 1935 2033 affiduum
1980 1952 2072 2031 ab
2129 1981 2274 2032 aere
2331 1952 2651 2046 dandO,
2700 1960 2781 2033 &
2839 1954 3305 2062 locuplenem
3361 1977 3398 2033 a

1123 2064 1523 2153 locorum,
1579 2064 2081 2169 pecuniosum
2142 2091 2183 2142 a
2233 2092 2610 2169 pecorum
2682 2070 2923 2171 copia.
3060 2068 3397 2146 Finitioni

1116 2176 1442 2273 subjecta
1486 2179 1826 2255 maxime
1886 2175 2252 2257 videntur
2295 2203 2580 2281 genuS,
2644 2175 2981 2282 species‚.
3014 2177 3399 2266 differens,

1112 2292 1552 2396 propriu-m..
1717 2293 1829 2365 Ex
1885 2287 2002 2366 his
2057 2289 2417 2368 omnibus
2472 2312 2927 2394 argumenta
3009 2288 3398 2370 ducuntur.

1110 2405 1376 2478 Genus
1419 2397 1515 2478 ad
1572 2397 2051 2504 probandam
2107 2399 2439 2505 speciem
2482 2403 2907 2507 minimum
2960 2401 3215 2494 valet,
3253 2401 3401 2509 plu-

1116 2514 1409 2591 rimum
1462 2510 1556 2588 ad
1599 2509 2129 2589 refellendam.
2224 2515 2483 2618 ltaque
2525 2539 2692 2594 non
2754 2515 2929 2620 quia
2984 2512 3096 2593 est
3143 2515 3402 2604 arbor,

1121 2623 1467 2731 platanus
1518 2620 1661 2699 est:
1769 2642 1845 2701 at
1901 2621 2123 2728 quod
2188 2649 2350 2700 non
2406 2623 2514 2703 est
2569 2625 2842 2714 arbor,
2933 2629 3207 2734 utique
3268 2625 3405 2733 pla·

1128 2757 1350 2817 tanus
1409 2761 1572 2813 non
1626 2732 1752 2811 est.
1932 2739 2103 2813 Nec
2159 2734 2374 2842 quod
2427 2763 2588 2815 non
2650 2735 2760 2814 est
2811 2738 3088 2827 virtus,
3156 2741 3408 2845 utique

1124 2874 1290 2928 non
1338 2844 1590 2951 potest
1633 2843 1775 2923 esse
1821 2843 2117 2944 justitia.
2235 2852 2495 2953 ltaque
2542 2875 2584 2925 a
2626 2873 2907 2954 genere
2966 2853 3403 2954 pervenien-

1123 2956 1317 3039 dum
1376 2956 1485 3035 est
1524 2953 1623 3035 ad
1675 2955 2035 3034 ultimam
2098 2957 2464 3061 speciem:
2532 2980 2617 3037 ut
2650 2959 2900 3038 homo
2951 2958 3063 3040 est
3110 2960 3409 3049 animal,

1123 3097 1289 3151 non
1328 3069 1437 3149 est
1477 3067 1678 3147 satis:
1775 3066 1863 3146 id
1901 3070 2112 3147 enim
2158 3095 2409 3173 genus
2455 3069 2615 3148 est·
2698 3071 3081 3156 mortale.
3130 3068 3413 3154 etiamsi

1125 3182 1236 3263 est
1266 3182 1592 3287 species,
1645 3207 1827 3258 cum
1870 3179 2036 3258 aliis
2068 3201 2329 3258 tamen
2378 3186 2821 3261 communis
2873 3182 3179 3265 finitio:
3252 3186 3412 3263 rati-
3468 3205 3469 3212 ’

1120 3296 1386 3384 onale,
1452 3292 1646 3372 nihil
1681 3290 2182 3396 supererirad
2221 3290 2911 3373 demonstrandum
2939 3295 3160 3400 quod
3214 3295 3414 3376 velis.

1119 3412 1415 3485 Contra
1472 3403 1753 3509 species
1821 3402 2133 3482 firmam
2186 3405 2729 3509 probationem
2790 3406 3018 3484 habet
3068 3412 3413 3512 generis,

1125 3515 1517 3596 infirmam
1564 3515 2129 3594 refutationem.
2243 3520 2451 3594 Nam
2494 3517 2708 3623 quod
2753 3516 3031 3618 justitia
3073 3519 3243 3611 est,
3286 3525 3415 3599 uti-

1121 3656 1272 3737 que
1302 3631 1546 3709 virtus
1584 3625 1727 3704 est:
1826 3624 2039 3732 quod
2083 3653 2244 3706 non
2275 3626 2385 3706 est
2420 3628 2733 3723 justitia,
2788 3626 3041 3731 potest·
3069 3632 3231 3711 esse
3275 3640 3416 3712 vir-

1128 3764 1289 3830 tus,
1339 3738 1395 3817 fi
1447 3739 1556 3816 est
1593 3738 2033 3838 fortitude,
2076 3737 2536 3832 constantia,
2583 3742 3083 3823 continentia
3202 3749 3416 3822 Nun—

1111 3880 1353 3983 quam
1391 3853 1651 3958 itaque
1700 3849 2019 3930 tolletur
2046 3880 2087 3929 a
2133 3852 2379 3955 specie
2412 3879 2692 3958 genus»,
2747 3850 2887 3932 nisi
2943 3879 3233 3932 omnes
3270 3852 3420 3958 spe-

1108 3967 1264 4054 cies
1315 3987 1487 4084 quae
1533 3960 1705 4048 sunt
1756 3966 2026 4073 generi
2094 3961 2438 4071 subjecta:
2454 4018 2481 4060 ,
2548 3987 3176 4052 removeantur:
3248 3964 3417 4157 Ege

3160 4103 3243 4158 m
3358 4103 3412 4158 ο
