3557 5113
731 251 955 383 308
1358 230 1512 340 M.
1625 233 1998 339 F‘Assit
2150 233 3153 372 Quum-umus

668 537 858 615 CA».
893 531 1060 620 X11.
1087 546 1534 608 mutaturum
1566 523 1848 631 tabulas
1872 522 2165 632 stiebas.
2224 524 2532 632 Singula
2576 525 2776 607 levia
2810 524 2982 607 sunt
3004 583 3026 618 ‚
3063 532 3138 610 &
3179 553 3372 615 com-

1083 641 1397 722 munia:
1476 638 1823 719 universa
1875 665 2064 717 vero
2105 636 2407 721 valent,
2453 637 2743 717 etiamsi
2794 664 3092 719 non-ut
3131 640 3368 719 fulmi-

1014 851 1017 855 ,
1086 778 1229 842 ne,
1269 772 1527 829 tamen
1568 773 1657 830 ut
1700 748 2099 857 grandine.
2214 749 2589 851 Quaedam
2645 773 3102 856 argumenta
3150 779 3369 858 pone·-

1089 889 1179 943 re
1207 861 1374 941 satis
1429 889 1592 940 non
1627 862 1772 952 est3
1851 858 2276 961 adjuvanda
2320 860 2533 941 sunt:
2603 884 2687 940 ut
2721 860 2775 940 si
2822 861 3199 968 cupiditas
3223 891 3371 944 cau-

1091 972 1169 1054 sa
1217 973 1514 1054 sceleris
1557 973 1742 1057 fuit,
1788 999 1961 1079 quae
1994 970 2085 1051 sit
2139 976 2251 1052 vis
2296 976 2500 1073 ejus:
2596 975 2757 1062 ira,
2791 996 3173 1081 quantum
3221 974 3369 1053 effi-

1091 1088 1248 1165 ciat
1286 1089 1368 1163 in
1418 1088 1692 1164 animis
1735 1085 2149 1163 hominum
2194 1082 2361 1163 talis
2401 1081 2728 1163 affinitio.
2841 1090 2948 1164 lta
3006 1090 3086 1166 δε
3147 1084 3372 1165 firmi-

1094 1223 1236 1277 ora
1281 1218 1509 1276 erunt
1549 1195 1746 1303 ipsa,
1793 1199 1869 1275 ὅ(
1910 1194 2080 1301 plus
2121 1194 2507 1275 habebunt
2561 1194 2909 1278 decoris,
2948 1192 3007 1274 st
3055 1224 3219 1276 non
3255 1224 3381 1278 nu·

1093 1308 1239 1388 dos
1261 1314 1337 1387 &
1359 1308 1575 1388 velut
1614 1333 1842 1387 carne
1869 1305 2230 1413 spoliatos
2249 1329 2454 1399 artus
2476 1305 2970 1386 ostenderint.
3049 1305 3370 1388 Multum

1086 1422 1326 1499 etiam
1342 1417 2166 1524 ·refert,s1argument0
2186 1422 2526 1498 nitemur
2559 1416 2717 1496 odii
2748 1440 3058 1510 ;utrum
3097 1420 3249 1500 hoc
3287 1445 3374 1498 ex

1088 1530 1378 1614 invidia
1417 1530 1506 1610 fit
1529 1588 1556 1621 ,
1584 1559 1684 1609 an
1721 1559 1817 1608 ex
1859 1533 2266 1623 injuria,an
2300 1558 2397 1610 ex
2443 1530 2774 1609 ambitu:
2822 1555 3083 1619 vetus,
3122 1559 3219 1610 an
3248 1559 3376 1611 no-

1093 1669 1318 1737 vum:
1344 1641 1696 1749 adversus
1711 1639 2192 1732 inferiorem,
2212 1669 2481 1747 parem
2499 1697 2522 1731 ‚
2557 1668 2658 1724 an
2677 1641 3155 1746 superiorem
3173 1675 3198 1723 ·.
3214 1642 3379 1723 alie-

1089 1754 1283 1834 num
1309 1805 1334 1843 ‚
1385 1782 1485 1833 an
1531 1757 2090 1859 propinquum.
2199 1759 2388 1833 Suos
2426 1751 2715 1832 habent
2763 1757 3027 1833 omnia
3062 1753 3202 1833 ista
3244 1780 3381 1834 tra-

1089 1866 1379 1955 status,
1417 1871 1498 1946 ὅ(
1536 1862 1634 1945 ad
1662 1863 2077 1945 utilitatem
2119 1867 2353 1969 partis
2390 1867 2549 1963 ejus
2596 1892 2837 1973 quam
2895 1888 3232 1957 tuemur,
3268 1893 3381 1947 re·

1083 1975 1400 2055 ferenda
1441 1980 1630 2056 sunt.
1744 1982 1914 2055 Nec
1979 1997 2243 2056 tamen
2294 1976 2657 2055 omnibus
2705 1975 3007 2084 semper
3059 2003 3234 2085 quae
3280 1984 3381 2058 in-

1084 2091 1524 2172 venerimus
1566 2089 2043 2194 argumentis
2090 2086 2522 2167 onerandus
2566 2087 2675 2167 est
2725 2087 2998 2191 judex:
3078 2094 3257 2198 quia
3300 2095 3378 2171 &

1088 2197 1406 2279 taedium
1441 2198 1831 2290 afferunt5
1860 2203 1936 2279 ὅ(
1995 2198 2239 2279 fidem
2290 2199 2725 2279 detrahunt.
2840 2206 3123 2310 Neque
3178 2205 3380 2282 enim

1081 2311 1337 2419 potest
1433 2311 1664 2412 judex
1734 2309 2050 2389 credere
2102 2310 2270 2390 satis
2324 2310 2469 2390 esse
2555 2339 2643 2391 ea
2720 2316 3067 2417 potentia
3096 2371 3121 2399 ‚
3217 2339 3385 2421 quae

1080 2402 1651 2529 non'sputamus
1707 2420 1846 2528 ipfi
1899 2420 2245 2503 sufficere
2295 2426 2428 2530 qui
2484 2419 2839 2511 dicimus.
3003 2431 3088 2504 ln
3160 2425 3395 2506 rebus

1081 2562 1274 2617 vero
1329 2540 1608 2640 apertis
1653 2537 2183 2641 argumentari
2243 2555 2401 2614 tam
2447 2531 2540 2614 fit
2589 2533 2961 2628 stultum,
3016 2564 3257 2644 quam
3303 2539 3388 2618 in

1079 2644 1586 2728 clari-ffimum
1637 2647 1879 2725 lolem
1924 2647 2258 2726 mortale
2305 2644 2575 2726 lumen
2625 2646 2930 2727 inferre.
3039 2653 3189 2730 His
3216 2653 3387 2760 qui·

1083 2757 1266 2839 dam
1324 2759 1817 2866 probationes
1878 2755 2291 2859 adjiciunt,
2350 2785 2537 2866 quas
2588 2752 2999 2849 παθητιιεὲς
3052 2786 3393 2854 vocant,

1076 2868 1344 2953 ductas
1394 2898 1491 2950 ex
1534 2870 1941 2950 affectibus.
2037 2875 2298 2979 Atque
2338 2868 2792 2950 Aristoteles
2854 2870 3179 2979 quidem
3247 2902 3389 2986 po-

1080 2979 1590 3065 tentisfimum
1651 3002 1867 3088 putat
1926 3006 2023 3058 ex
2081 3007 2180 3061 eo
2239 2985 2375 3089 qui
2447 2979 2677 3072 dicit,
2738 2980 2795 3063 fi
2844 2980 2937 3062 fit
2997 2990 3124 3065 vir
3185 2990 3393 3095 opti-

1073 3123 1291 3179 mus:
1382 3094 1598 3205 quod
1639 3116 1725 3174 ut
1763 3096 2158 3206 optimum
2195 3091 2346 3183 est,
2380 3094 2482 3176 ita
2527 3092 2768 3201 longe
2830 3094 3213 3202 quidem,
3264 3095 3388 3180 std

1072 3206 1420 3318 sequitur
1462 3231 1767 3295 tamen,
1802 3202 2070 3287 videri.
2163 3201 2347 3284 Inde
2395 3208 2607 3286 enim
2645 3207 2781 3287 illa
2809 3202 3084 3289 nobilis
3125 3213 3395 3292 Scauri

1073 3319 1358 3402 defens
1339 3349 1459 3410 105
1491 3326 1829 3425 Qintus·
1860 3325 2107 3398 Varius
2146 3318 2574 3419 Sucronetfis
2608 3325 2721 3399 ait
2761 3323 3142 3400 AEmilium
3177 3338 3395 3406 Scau-

1067 3461 1238 3511 rum
1282 3429 1584 3542 rempub.
1612 3435 1866 3542 populi
1920 3438 2222 3508 Romani
2260 3426 2648 3540 prodidgffi’
2671 3464 2695 3506 .·
2773 3434 3120 3511 AEmilius
3178 3450 3397 3520 Scan..

1067 3572 1200 3628 rus
1232 3569 1460 3655 negat.
1577 3545 1724 3625 Cui
1767 3540 2015 3622 fimile
2059 3540 2429 3648 quiddam
2482 3540 2734 3621 feciffe
2791 3544 3220 3649 Iphicrates
3283 3549 3405 3629 di·

1069 3659 1312 3741 citur,
1359 3665 1488 3765 qui
1524 3681 1706 3734 cum
1742 3653 2390 3758 Aristophontem
2414 3709 2443 3744 ‚
2474 3677 2636 3760 quo
2666 3655 3056 3736 accusante
3104 3654 3406 3743 fimtns

1068 3772 1415 3857 criminis
1460 3791 1631 3852 reus
1693 3788 1899 3858 erat,
1960 3766 2531 3873 interrogaffet,
2596 3792 2693 3846 an
2752 3770 2815 3847 is
2877 3791 3203 3875 accepta
3266 3801 3413 3878 pe.

1061 3886 1288 3972 cunia
1344 3878 1693 3984 rempub.
1767 3876 2211 3987 proditurus
2261 3880 2483 3965 esset,
2548 3880 2760 3987 isque
2825 3880 2905 3959 id
2978 3884 3343 3992 negass'et
3384 3918 3411 3967 ε

1062 3995 1298 4110 ,Quod
1322 4000 1552 4107 tjgitur
1566 4048 1590 4088 ,
1624 3994 1880 4105 inquit
1905 4047 1929 4080 .
1972 4017 2059 4076 tu
2103 4024 2245 4075 non
2269 3992 2592 4104 ficffs‚
2638 4023 2756 4106 ego
2765 3997 2929 4103 fici
2943 4002 2984 4075 ἓ
3073 3999 3441 4190 luzum-⁸

3235 4135 3385 4192 um
