3557 5113
280 264 506 432 De
538 259 980 470 lnstit.
1010 196 1741 446 Oratoria,
1769 254 2331 431 LibJ-X.
2562 298 2785 411 529

178 597 392 684 neque
426 580 693 684 utique
728 604 1001 660 verum
1044 573 1180 666 est,
1219 579 1300 658 &
1363 575 1645 656 habere
1692 576 1876 656 alias
1925 570 2059 658 hic
2120 577 2432 663 damna·
2456 587 2644 666 Cn.
2688 583 2792 667 11.'

183 718 271 770 tus
323 686 888 770 contradicendi
929 688 1179 769 causas
1211 688 1465 794 potest
1498 745 1522 779 ,
1577 688 1704 770 vel
1734 689 1950 798 quod
1982 689 2239 798 legem
2281 695 2434 774 ser.

179 804 464 882 vandam
506 823 744 908 putet,
799 801 925 883 vel
966 800 1179 910 quod
1205 801 1406 881 nolit
1439 801 1858 881 accusatori
1895 800 2177 884 debere
2201 806 2426 887 bene-

177 916 400 994 ficium
430 974 448 1004 ,
492 916 616 994 vel
673 923 704 1010 (
747 912 966 1021 quod
1016 941 1185 1020 ego
1209 918 1550 994 maxime
1596 913 1952 1020 sequerer
1987 916 2026 1012 )
2113 938 2199 997 ut
2229 917 2305 997 se
2345 922 2428 1000 in

175 1032 532 1106 tormentis
574 1032 1072 1106 innocentem
1113 1024 1257 1105 effe
1286 1024 1712 1131 pertendat.
1786 1031 2046 1132 Qare
2085 1055 2184 1107 ne
2224 1028 2418 1112 illud

179 1140 446 1244 quidem
488 1140 786 1245 [emper
832 1139 1217 1218 succurret
1250 1135 1357 1217 fic
1396 1136 1848 1231 dicentibus,
1891 1143 2410 1224 Patrocinium

177 1252 291 1328 hoc
335 1254 564 1330 voluit
590 1310 606 1332 ‚
654 1254 788 1358 qui
842 1247 1452 1330 controversiam
1490 1248 1737 1328 finxit.
1833 1251 2157 1332 Fortasse
2208 1259 2417 1335 enim

177 1364 438 1442 noluit:
474 1362 600 1440 led
634 1363 831 1453 esto,
856 1362 1237 1447 voluerit.
1262 1364 1742 1441 continuone
1784 1359 1840 1439 fi
1878 1360 2010 1440 ille
2045 1362 2267 1444 stulte
2293 1393 2424 1446 co-

173 1480 426 1578 gitavit,
474 1478 694 1555 nobis
731 1501 1043 1585 quoque
1077 1474 1301 1553 stulte
1339 1471 1759 1553 dicendum
1805 1473 1915 1551 est
1954 1473 1980 1551 ἓ
2020 1479 2129 1555 At
2164 1503 2315 1582 ego
2337 1506 2421 1557 m

173 1588 360 1666 causis
396 1587 704 1694 agendis
770 1589 1219 1694 frequenter
1273 1612 1436 1665 non
1477 1594 1671 1691 puto
1717 1584 2174 1666 intuendum
2233 1589 2419 1698 quid

173 1698 460 1804 lingator
506 1700 719 1781 velit.
832 1699 1062 1780 Est&
1100 1696 1293 1777 ille
1275 1725 1357 1776 m
1392 1699 1542 1777 hoc
1582 1725 1866 1802 genere
1912 1697 2271 1806 fiequens
2293 1731 2407 1781 er·

177 1839 297 1893 ror
327 1841 398 1891 ut
444 1835 717 1938 putent
752 1809 960 1892 aliud
997 1808 1365 1920 quosdam
1410 1807 1691 1900 dicere,
1721 1808 1928 1890 aliud
1957 1812 2196 1891 velle:
2225 1842 2413 1919 prae-

169 1927 349 2029 cipue
390 1955 562 2005 curn
602 1929 680 2004 in
722 1926 1065 2005 themate
1100 1922 1231 2009 est,
1272 1922 1612 2030 aliquem
1658 1947 1742 2002 ut
1781 1921 1916 2000 fibi
1944 1927 2150 2002 mori
2187 1926 2414 2009 liceat

169 2039 532 2137 postulare:
570 2059 653 2118 ut
694 2040 777 2117 in
819 2036 952 2119 illa
974 2033 1535 2127 controversla3
1602 2036 1757 2133 Qi
1803 2033 2207 2141 aliquando
2257 2018 2415 2118 for-

169 2151 315 2225 titer
349 2167 614 2229 iecerat
653 2205 678 2242 ,
738 2156 816 2232 ὅ(
860 2150 1016 2230 alio
1057 2147 1266 2229 bello
1311 2148 1634 2272 petierat
1677 2168 1759 2225 ut
1807 2146 2081 2227 militia
2117 2174 2416 2229 vacaret

169 2285 245 2335 ex
279 2263 482 2383 lege,
522 2261 739 2369 quod
776 2260 1475 2371 quinquagenarius
1514 2257 1738 2348 estet,
1767 2257 2210 2340 adversante
2246 2259 2415 2343 filio

167 2373 255 2447 ire
307 2403 372 2449 111
418 2407 492 2451 a
480 2383 658 2455 iem
730 2376 1098 2465 coactus,
1162 2371 1511 2453 deseruit.
1625 2369 1846 2449 Filius
1917 2373 2053 2476 qui
2111 2370 2415 2476 foititer

165 2483 398 2563 eodem
436 2489 699 2593 praelio
739 2487 1048 2578 fecerat,
1086 2486 1710 2565 incolumitatem
1744 2485 1902 2585 ejus
1952 2502 2210 2590 optat:
2227 2512 2414 2566 con-

167 2597 422 2677 tradicit
460 2627 691 2703 pater.
757 2603 1205 2689 Noncnim,
1249 2600 1634 2704 inquiunt,
1678 2597 1884 2674 mori
1926 2596 2118 2687 vult,
2147 2595 2412 2676 sedin-

165 2707 406 2789 vidiarn
454 2715 621 2791 filio
658 2712 925 2792 facere.
988 2709 1366 2837 Equidem
1406 2707 1681 2799 ride0,
1738 2705 1955 2815 quod
2016 2707 2131 2788 nh
2181 2707 2280 2788 s1c
2319 2713 2410 2788 ti-

169 2845 347 2899 ment
378 2849 743 2931 tanquam
779 2823 916 2930 ipsi
959 2825 1591 2913 morituri,&1n
1632 2764 2036 2899 c'onsilium
2059 2819 2226 2901 suos
2253 2849 2417 2899 me-

162 2953 261 3009 tus
293 2949 557 3022 terunt,
598 2934 826 3017 obliti
863 2957 978 3015 tot
1049 2933 1588 3040 exemplorum
1637 2935 1837 3012 circa
1903 2921 2413 3013 voluntariam

158 3064 477 3132 mortem,
514 3048 917 3128 causarum
961 3074 1273 3155 quoque
1318 3072 1504 3153 quas
1541 3042 1773 3122 habet
1820 3044 2056 3122 fastus
2096 3073 2192 3124 ex
2237 3048 2410 3125 viro

159 3151 317 3234 forti
350 3157 708 3241 desertor.
833 3158 983 3240 Sed
1014 3158 1111 3240 de
1149 3186 1298 3237 una
1338 3154 1858 3237 controversia
1898 3155 2117 3263 loqui
2153 3157 2408 3262 super-

159 3287 443 3351 vacuum
470 3273 604 3352 est.
694 3277 859 3378 Ego
906 3277 983 3350 in
1045 3268 1482 3352 universum
1534 3295 1786 3375 neque
1832 3272 2162 3348 oratoris
2211 3292 2407 3373 puto

158 3375 641 3494 effimq'ffim
668 3385 1220 3490 praevaricari,
1276 3407 1531 3490 neque
1574 3378 1795 3458 litem
1860 3379 2276 3487 intelligo,
2323 3377 2408 3459 id

160 3490 474 3601 qffi‘ffl
509 3518 841 3603 utraque
878 3494 1087 3574 idem
1111 3492 1343 3576 velit.-
1329 3519 1615 3599 ·neque
1640 3513 1800 3570 tam
1827 3490 2139 3572 stultum
2164 3519 2406 3599 quen-

158 3604 410 3727 Μ’,
457 3611 586 3717 qui
634 3606 685 3687 si
734 3611 992 3689 vivere
1028 3606 1258 3695 velit,
1298 3627 1642 3684 mortem
1691 3606 1950 3709 potius
1995 3605 2198 3683 male
2279 3632 2407 3711 pe·

157 3729 284 3833 ΦΕ
272 3660 630 3839 {inuam
670 3724 1004 3800 omnino
1045 3746 1208 3798 non
1243 3737 1471 3823 petat.
1668 3721 1858 3797 Non
1902 3737 2165 3796 tamen
2203 3744 2408 3823 nego

281 3822 885 3914 controversias
946 3827 1388 3931 hujusmodi
1469 3828 1897 3934 figuratas.-
1989 3852 2075 3909 ut
2110 3829 2221 3909 est
2246 3830 2407 3920 illa,-

413 3942 804 4036 rricidii,
843 3942 1056 4050 quod
1088 3944 1407 4023 fiatrem
1449 3940 1899 4031 occidisset,
1957 3939 2410 4021 damnatum

145 4039 324 4211 ᾖξ
541 4079 694 4139 tur.
802 4060 1022 4139 Pater
1064 4084 1210 4167 pro
1250 4054 1695 4137 testimonio
1732 4051 1931 4136 dixit
1965 4081 2147 4137 eum
2191 4052 2319 4130 se
2298 4078 2413 4141 Ju-

1211 4167 1293 4252 X
1335 4193 1389 4271 Χ
1426 4192 1481 4247 Χ
2200 4164 2429 4245 bente
