3557 5113
313 240 554 401 De
589 142 1033 440 bistit.
1078 235 1792 409 Oratoria,
1825 229 2120 390 Lib.
2154 238 2337 467 V.
2572 269 2789 384 271

189 569 578 671 proprium.
690 548 1243 649 Profiationum
1283 588 1650 671 praeterea
1684 571 2048 650 omnium
2079 568 2247 653 aliae
2286 571 2459 654 sunt
2484 544 2867 666 CermViIl’.

191 677 566 757 necessariae
601 733 623 761 ‚
691 680 856 761 aliae
912 677 1317 768 credibiles
1346 733 1370 769 ,
1449 681 1613 759 aliae
1678 708 1844 761 non
1918 708 2452 789 repugnantes.

186 787 468 879 Adhuc,
527 796 888 872 omnium
932 792 1490 899 probationum
1551 791 2034 899 quadruplex
2086 799 2284 875 ratio
2322 801 2456 891 est,

190 922 258 979 ut
297 902 406 979 vel
444 905 627 1009 quia
667 903 960 1012 aliquid
1005 902 1155 993 est,
1199 901 1405 982 aliud
1448 931 1608 983 non
1667 903 1797 984 fit:
1880 930 1962 986 ut
2001 964 2021 991 ‚
2076 918 2254 1013 quia
2298 910 2459 993 dies

186 1013 312 1102 est,
355 1042 508 1094 nox
546 1040 708 1094 non
752 1015 879 1096 est.
991 1014 1118 1097 vel
1155 1018 1333 1123 quia
1398 1014 1507 1094 est
1534 1016 1873 1124 aliquid,
1939 1025 2017 1099 &
2062 1017 2267 1099 aliud
2318 1014 2456 1101 fitx'

190 1148 291 1208 ut,
324 1130 490 1233 quia
538 1127 667 1206 Sol
712 1128 820 1208 est
855 1126 1081 1234 super
1121 1119 1451 1218 terram,
1517 1126 1678 1208 dies
1714 1128 1841 1209 est.
1935 1130 2062 1212 vel
2098 1134 2279 1238 quia
2320 1134 2455 1212 ali-

191 1238 342 1344 quid
383 1266 544 1318 non
580 1239 732 1325 est,
771 1237 980 1320 aliud
1033 1237 1158 1320 fit:
1240 1262 1369 1330 ut,
1413 1244 1592 1349 quia
1627 1268 1792 1319 nox
1847 1269 2009 1320 non
2067 1243 2213 1331 est,
2291 1243 2453 1323 dies

187 1349 294 1427 est.
376 1350 493 1432 vel
531 1356 707 1459 quia
744 1350 1034 1460 aliquid
1070 1377 1232 1430 non
1278 1350 1428 1442 est,
1494 1378 1638 1432 nec
1688 1351 1898 1432 aliud
1939 1352 2062 1433 fit:
2124 1359 2452 1460 ut,quia

189 1488 322 1540 non
355 1463 454 1542 est
499 1465 909 1554 rationale,
957 1490 1101 1542 nec
1147 1462 1395 1543 homo
1431 1463 1558 1544 est.
1666 1467 1811 1544 His
1877 1467 1958 1544 in
2013 1466 2451 1547 universum

185 1574 562 1679 pra-distis,
598 1599 851 1685 partes
889 1575 1302 1676 subjiciam.

383 1836 700 1912 OMNIS
764 1834 998 1937 igitur
1047 1832 1407 1938 probatio
1483 1829 1892 1910 artificialis
1958 1832 2253 1913 constat
2321 1850 2452 1914 aut
2478 1811 2665 1889 CM·
2709 1803 2843 1889 ῙΧ·

185 1938 381 2045 fignis
409 1998 428 2032 ,
490 1966 620 2022 aut
661 1948 1169 2049 argumentis»,
1206 1965 1336 2023 aut
1398 1942 1795 2049 exemplis.
1946 1949 2113 2024 Nec
2173 1948 2455 2051 ignoro

181 2054 528 2161 plerisque
579 2055 832 2137 videri
888 2053 1095 2161 figna
1141 2079 1447 2162 partem
1505 2076 2206 2159 argumentorum:
2284 2083 2459 2165 quae

183 2166 353 2243 mihi
400 2166 794 2273 separandi
837 2173 1033 2246 ratio
1075 2167 1238 2248 haec
1274 2167 1442 2256 fuit,
1484 2169 1735 2271 prima
1760 2222 1783 2257 ,
1838 2165 2055 2272 quod
2088 2166 2262 2249 sunt
2322 2195 2457 2272 pe-

184 2303 264 2355 ne
321 2306 412 2356 ex
468 2280 625 2359 ulis
667 2276 1287 2358 inartificialibus,
1378 2285 1714 2359 Cruenta
1769 2282 1985 2357 enim
2042 2280 2311 2361 vestis,
2377 2283 2461 2359 δε

181 2389 451 2468 clamor
474 2448 496 2481 ,
556 2397 634 2471 ὅ(
694 2390 938 2479 livor,
1005 2394 1084 2471 &
1149 2390 1328 2470 talia
1354 2445 1375 2480 ,
1442 2388 1613 2468 sunt
1675 2388 2218 2475 instrumenta,
2272 2400 2461 2497 qua-j-

186 2499 266 2579 ha
298 2503 604 2594 tabulae‚
669 2530 1021 2583 rumores
1044 2560 1065 2588 ‚
1118 2502 1378 2582 testes:
1448 2527 1591 2581 nec
1624 2504 2119 2598 inveniuntur
2155 2502 2250 2604 ab
2291 2527 2466 2594 ora-

184 2634 327 2693 tore
351 2671 372 2705 ‚
430 2614 564 2696 sed
596 2614 694 2696 ad
736 2644 922 2696 eum
960 2643 1143 2694 cum
1178 2613 1335 2720 ipsa
1377 2613 1591 2694 causa
1641 2611 2115 2695 deferuntur.
2234 2614 2456 2694 Alte»

187 2752 292 2815 ra,
342 2727 561 2834 quod
597 2726 804 2834 figna
849 2726 1004 2807 five
1046 2725 1470 2810 indubitata
1524 2722 1714 2815 fint,
1783 2754 1949 2806 non
2004 2725 2178 2806 sunt
2232 2752 2456 2831 argu-

183 2861 410 2917 menta
434 2876 460 2930 ,-
570 2843 750 2947 quia
810 2840 943 2919 ubi
989 2838 1117 2918 illa
1167 2835 1379 2927 sunt,
1424 2836 1741 2943 quaestio
1801 2865 1967 2919 non
2012 2837 2160 2919 est:
2240 2863 2458 2942 argue

183 2973 420 3029 mento
455 2973 723 3032 autem
757 2949 899 3031 nifi
936 2953 1020 3029 in
1070 2976 1159 3038 re
1226 2946 1716 3030 controversa
1784 2948 1996 3030 locus
2070 2947 2216 3031 effi:
2293 2973 2461 3028 non

180 3062 433 3163 potest:
508 3063 671 3144 five
708 3061 977 3154 dubia,
1032 3088 1194 3140 non
1241 3056 1415 3141 ffint
1448 3081 1943 3166 argumenta,
1986 3060 2114 3141 sed
2152 3059 2309 3166 ipsa
2344 3059 2458 3152 ar,·'

182 3179 536 3274 gumentis
577 3197 828 3282 egent.
1004 3171 1483 3254 Dividuntur
1535 3192 1798 3249 autem
1843 3175 1922 3250 in
1975 3172 2108 3250 has
2164 3173 2457 3276 primas

182 3281 332 3366 duas
364 3286 697 3393 species,
728 3282 942 3393 quod
982 3312 1257 3364 eorum
1289 3283 1435 3361 alia
1473 3281 1645 3362 sunt
1693 3291 1810 3376 (ut
1849 3281 2065 3377 dixi)
2113 3285 2458 3388 qu'aenei-

185 3397 439 3479 cessaria
467 3400 660 3481 sunt
682 3452 705 3488 ‚
746 3424 913 3507 quae
950 3396 1198 3476 Graeci
1236 3417 1516 3476 vocant
1551 3392 1909 3501 τεκμήρια,
1940 3393 2093 3488 alia
2124 3418 2287 3480 non
2326 3419 2459 3471 ne·

189 3508 437 3592 cessaria
464 3571 487 3604 ‚
565 3537 751 3619 quae
791 3511 1058 3609 cuppae-200.
1225 3510 1486 3592 Priora
1550 3507 1678 3585 illa
1746 3505 1951 3596 sunt,
2011 3533 2181 3613 quae
2233 3502 2458 3602 aliter

192 3615 420 3702 habere
468 3625 549 3705 se
614 3648 775 3702 non
835 3619 1191 3726 possunt:
1255 3646 1424 3726 quae
1476 3618 1674 3697 mihi
1721 3623 1850 3699 vix
1908 3620 2299 3722 pertinere
2357 3613 2456 3714 ad

195 3757 516 3841 praecepta
557 3736 752 3815 artis
790 3731 1170 3814 videntur.
1243 3738 1462 3816 ,Nam
1513 3730 1641 3818 ubi
1669 3729 1795 3820 ‘est
1831 3728 2135 3835 fignum
2173 3725 2455 3824 insola-

187 3840 348 3937 bile,
394 3848 497 3930 ibi
526 3875 635 3929 ne
671 3844 768 3925 lis
819 3842 1138 3954 quidem
1183 3843 1309 3922 est.
1408 3842 1489 3923 {d
1513 3867 1518 3873 ·
1543 3861 1807 3940 autem
1867 3838 2143 3921 accidit
2173 3895 2199 3930 ,
2267 3863 2454 3936 cum

177 3957 334 4066 qm'd
381 3983 512 4044 aut
549 3955 858 4068 necesse
898 3955 1007 4038 est
1055 3954 1266 4042 fieri,
1325 3954 1713 4052 fanve
1769 3952 1952 4052 essk,
2005 3976 2148 4034 aut.
2193 3953 2452 4048 omn&-

2343 4080 2456 4137 no
