<?xml version="1.0" encoding="UTF-8"?>
<!DOCTYPE html PUBLIC "-//W3C//DTD XHTML 1.0 Transitional//EN"
    "http://www.w3.org/TR/xhtml1/DTD/xhtml1-transitional.dtd">
<html xmlns="http://www.w3.org/1999/xhtml" xml:lang="en" lang="en">
 <head>
  <title>
</title>
<meta http-equiv="Content-Type" content="text/html;charset=utf-8" />
  <meta name='ocr-system' content='tesseract 3.04.00' />
  <meta name='ocr-capabilities' content='ocr_page ocr_carea ocr_par ocr_line ocrx_word'/>
</head>
<body>
  <div class='ocr_page' id='page_1' title='image "./deinstitutioneo00obregoog_0856.png"; bbox 0 0 3557 5113; ppageno 0'>
   <div class='ocr_carea' id='block_1_1' title="bbox 702 233 913 434">
    <p class='ocr_par' dir='ltr' id='par_1_1' title="bbox 702 233 913 434">
     <span class='ocr_line' id='line_1_1' title="bbox 702 233 913 434; baseline -0.043 -30"><span class='ocrx_word' id='word_1_1' title='bbox 702 233 913 434; x_wconf 74' lang='lat'>716</span> 
     </span>
    </p>
   </div>
   <div class='ocr_carea' id='block_1_2' title="bbox 691 573 983 664">
    <p class='ocr_par' dir='ltr' id='par_1_2' title="bbox 691 573 983 664">
     <span class='ocr_line' id='line_1_2' title="bbox 691 573 983 664; baseline -0.014 -10"><span class='ocrx_word' id='word_1_2' title='bbox 691 579 886 664; x_wconf 73' lang='lat' dir='ltr'>Cu».</span> <span class='ocrx_word' id='word_1_3' title='bbox 926 573 983 651; x_wconf 88' lang='lat'>1.</span> 
     </span>
    </p>
   </div>
   <div class='ocr_carea' id='block_1_3' title="bbox 1371 241 3020 371">
    <p class='ocr_par' dir='ltr' id='par_1_3' title="bbox 1371 241 3020 371">
     <span class='ocr_line' id='line_1_3' title="bbox 1371 241 3020 371; baseline -0.033 1"><span class='ocrx_word' id='word_1_4' title='bbox 1371 262 1525 371; x_wconf 88' lang='lat' dir='ltr'>M.</span> <span class='ocrx_word' id='word_1_5' title='bbox 1591 261 1745 364; x_wconf 63' lang='lat' dir='ltr'>Fa</span> <span class='ocrx_word' id='word_1_6' title='bbox 1787 279 1957 352; x_wconf 77' lang='lat'>1311</span> <span class='ocrx_word' id='word_1_7' title='bbox 2029 241 3020 368; x_wconf 59' lang='lat' dir='ltr'>Quium-imam</span> 
     </span>
    </p>
   </div>
   <div class='ocr_carea' id='block_1_4' title="bbox 1077 484 3377 1463">
    <p class='ocr_par' dir='ltr' id='par_1_4' title="bbox 1166 484 3136 636">
     <span class='ocr_line' id='line_1_4' title="bbox 1166 484 3136 636; baseline -0.034 -24"><span class='ocrx_word' id='word_1_8' title='bbox 1166 545 1345 611; x_wconf 75' lang='lat' dir='ltr'>‘Tam</span> <span class='ocrx_word' id='word_1_9' title='bbox 1368 501 1643 636; x_wconf 54' lang='lat' dir='ltr'>pietate</span> <span class='ocrx_word' id='word_1_10' title='bbox 1666 530 1969 622; x_wconf 66' lang='lat' dir='ltr'>gravem</span> <span class='ocrx_word' id='word_1_11' title='bbox 1989 523 2074 578; x_wconf 68' lang='lat' dir='ltr'>tc</span> <span class='ocrx_word' id='word_1_12' title='bbox 2094 485 2634 596; x_wconf 66' lang='lat' dir='ltr'>merittkfiftrte</span> <span class='ocrx_word' id='word_1_13' title='bbox 2649 484 2895 558; x_wconf 69' lang='lat' dir='ltr'>virum</span> <span class='ocrx_word' id='word_1_14' title='bbox 2915 492 3136 583; x_wconf 72' lang='lat' dir='ltr'>quem</span> 
     </span>
    </p>

    <p class='ocr_par' dir='ltr' id='par_1_5' title="bbox 1077 582 3361 970">
     <span class='ocr_line' id='line_1_5' title="bbox 1197 582 2986 745; baseline -0.034 -21"><span class='ocrx_word' id='word_1_15' title='bbox 1197 620 1605 745; x_wconf 65' lang='lat' dir='ltr'>Conspexere</span> <span class='ocrx_word' id='word_1_16' title='bbox 1620 679 1644 715; x_wconf 90' lang='lat'>,</span> <span class='ocrx_word' id='word_1_17' title='bbox 1659 624 1885 724; x_wconf 71' lang='lat' dir='ltr'>silent,</span> <span class='ocrx_word' id='word_1_18' title='bbox 1920 606 2346 717; x_wconf 64' lang='lat' dir='ltr'>arreHispue</span> <span class='ocrx_word' id='word_1_19' title='bbox 2375 592 2668 681; x_wconf 78' lang='lat' dir='ltr'>auribus</span> <span class='ocrx_word' id='word_1_20' title='bbox 2691 582 2986 694; x_wconf 65' lang='lat' dir='ltr'>adstant.</span> 
     </span>
     <span class='ocr_line' id='line_1_6' title="bbox 1077 687 3361 845; baseline -0.033 -5"><span class='ocrx_word' id='word_1_21' title='bbox 1077 754 1476 840; x_wconf 84' lang='lat' dir='ltr'>Habemus</span> <span class='ocrx_word' id='word_1_22' title='bbox 1521 739 1757 845; x_wconf 86' lang='lat' dir='ltr'>igitur</span> <span class='ocrx_word' id='word_1_23' title='bbox 1792 745 1969 809; x_wconf 88' lang='lat' dir='ltr'>ante</span> <span class='ocrx_word' id='word_1_24' title='bbox 2011 723 2281 802; x_wconf 87' lang='lat' dir='ltr'>omnia</span> <span class='ocrx_word' id='word_1_25' title='bbox 2327 719 2569 794; x_wconf 73' lang='lat' dir='ltr'>virum</span> <span class='ocrx_word' id='word_1_26' title='bbox 2615 703 2872 786; x_wconf 81' lang='lat' dir='ltr'>bonum</span> <span class='ocrx_word' id='word_1_27' title='bbox 2903 753 2927 783; x_wconf 80' lang='lat'>‚</span> <span class='ocrx_word' id='word_1_28' title='bbox 2983 687 3166 802; x_wconf 89' lang='lat' dir='ltr'>post</span> <span class='ocrx_word' id='word_1_29' title='bbox 3204 687 3361 768; x_wconf 76' lang='lat' dir='ltr'>haee</span> 
     </span>
     <span class='ocr_line' id='line_1_7' title="bbox 1082 847 2081 970; baseline -0.04 -18"><span class='ocrx_word' id='word_1_30' title='bbox 1082 865 1362 970; x_wconf 79' lang='lat' dir='ltr'>adjecit</span> <span class='ocrx_word' id='word_1_31' title='bbox 1400 847 1685 936; x_wconf 78' lang='lat' dir='ltr'>dicendi</span> <span class='ocrx_word' id='word_1_32' title='bbox 1703 848 2025 957; x_wconf 78' lang='lat' dir='ltr'>peritum</span> <span class='ocrx_word' id='word_1_33' title='bbox 2044 890 2081 926; x_wconf 73' lang='lat'>‚.</span> 
     </span>
    </p>

    <p class='ocr_par' dir='ltr' id='par_1_6' title="bbox 1326 945 3005 1094">
     <span class='ocr_line' id='line_1_8' title="bbox 1326 945 3005 1094; baseline -0.031 -21"><span class='ocrx_word' id='word_1_34' title='bbox 1326 993 1442 1073; x_wconf 84' lang='lat' dir='ltr'>Ille</span> <span class='ocrx_word' id='word_1_35' title='bbox 1480 991 1663 1094; x_wconf 82' lang='lat' dir='ltr'>regit</span> <span class='ocrx_word' id='word_1_36' title='bbox 1697 977 1905 1058; x_wconf 62' lang='lat' dir='ltr'>diem</span> <span class='ocrx_word' id='word_1_37' title='bbox 1941 976 2263 1054; x_wconf 76' lang='lat' dir='ltr'>animos,</span> <span class='ocrx_word' id='word_1_38' title='bbox 2289 959 2381 1056; x_wconf 55' lang='grc' dir='ltr'>ό»</span> <span class='ocrx_word' id='word_1_39' title='bbox 2397 963 2686 1070; x_wconf 67' lang='grc' dir='ltr'>μέῖονι</span> <span class='ocrx_word' id='word_1_40' title='bbox 2725 945 3005 1028; x_wconf 63' lang='lat' dir='ltr'>mulcet«</span> 
     </span>
    </p>

    <p class='ocr_par' dir='ltr' id='par_1_7' title="bbox 1079 1071 3377 1463">
     <span class='ocr_line' id='line_1_9' title="bbox 1083 1071 3373 1246; baseline -0.029 -26"><span class='ocrx_word' id='word_1_41' title='bbox 1083 1133 1341 1246; x_wconf 70' lang='lat' dir='ltr'>Qid?</span> <span class='ocrx_word' id='word_1_42' title='bbox 1376 1153 1538 1212; x_wconf 88' lang='lat' dir='ltr'>non</span> <span class='ocrx_word' id='word_1_43' title='bbox 1576 1126 1657 1202; x_wconf 87' lang='lat' dir='ltr'>in</span> <span class='ocrx_word' id='word_1_44' title='bbox 1697 1114 1921 1199; x_wconf 86' lang='lat' dir='ltr'>bellis</span> <span class='ocrx_word' id='word_1_45' title='bbox 1964 1132 2273 1219; x_wconf 84' lang='lat' dir='ltr'>quoque</span> <span class='ocrx_word' id='word_1_46' title='bbox 2316 1095 2527 1180; x_wconf 89' lang='lat' dir='ltr'>idem</span> <span class='ocrx_word' id='word_1_47' title='bbox 2559 1091 2701 1172; x_wconf 88' lang='lat' dir='ltr'>ille</span> <span class='ocrx_word' id='word_1_48' title='bbox 2738 1090 2858 1170; x_wconf 82' lang='lat' dir='ltr'>vir</span> <span class='ocrx_word' id='word_1_49' title='bbox 2889 1108 3143 1192; x_wconf 88' lang='lat' dir='ltr'>quem</span> <span class='ocrx_word' id='word_1_50' title='bbox 3165 1071 3373 1159; x_wconf 82' lang='lat' dir='ltr'>insti-</span> 
     </span>
     <span class='ocr_line' id='line_1_10' title="bbox 1079 1197 3372 1337; baseline -0.031 -3"><span class='ocrx_word' id='word_1_51' title='bbox 1079 1257 1426 1337; x_wconf 79' lang='lat' dir='ltr'>tuimus,</span> <span class='ocrx_word' id='word_1_52' title='bbox 1491 1236 1545 1316; x_wconf 80' lang='lat' dir='ltr'>sl</span> <span class='ocrx_word' id='word_1_53' title='bbox 1584 1233 1672 1313; x_wconf 85' lang='lat' dir='ltr'>fit</span> <span class='ocrx_word' id='word_1_54' title='bbox 1721 1227 1821 1308; x_wconf 87' lang='lat' dir='ltr'>ad</span> <span class='ocrx_word' id='word_1_55' title='bbox 1867 1222 2211 1333; x_wconf 68' lang='lat' dir='ltr'>praelium</span> <span class='ocrx_word' id='word_1_56' title='bbox 2249 1211 2468 1294; x_wconf 89' lang='lat' dir='ltr'>miles</span> <span class='ocrx_word' id='word_1_57' title='bbox 2491 1197 3036 1286; x_wconf 81' lang='lat' dir='ltr'>cohortandus,</span> <span class='ocrx_word' id='word_1_58' title='bbox 3058 1221 3163 1273; x_wconf 82' lang='lat' dir='ltr'>ex</span> <span class='ocrx_word' id='word_1_59' title='bbox 3200 1217 3372 1269; x_wconf 82' lang='lat' dir='ltr'>me·</span> 
     </span>
     <span class='ocr_line' id='line_1_11' title="bbox 1090 1309 3377 1463; baseline -0.032 -17"><span class='ocrx_word' id='word_1_60' title='bbox 1090 1367 1240 1447; x_wconf 84' lang='lat' dir='ltr'>diis</span> <span class='ocrx_word' id='word_1_61' title='bbox 1283 1351 1665 1463; x_wconf 72' lang='lat' dir='ltr'>sapientiae</span> <span class='ocrx_word' id='word_1_62' title='bbox 1706 1338 2102 1449; x_wconf 64' lang='lat' dir='ltr'>praeceptis</span> <span class='ocrx_word' id='word_1_63' title='bbox 2124 1332 2557 1411; x_wconf 89' lang='lat' dir='ltr'>orationem</span> <span class='ocrx_word' id='word_1_64' title='bbox 2592 1312 2839 1394; x_wconf 89' lang='lat' dir='ltr'>trahet</span> <span class='ocrx_word' id='word_1_65' title='bbox 2878 1309 2901 1389; x_wconf 82' lang='lat'>?</span> <span class='ocrx_word' id='word_1_66' title='bbox 2932 1310 3156 1385; x_wconf 85' lang='lat' dir='ltr'>Nam</span> <span class='ocrx_word' id='word_1_67' title='bbox 3184 1325 3377 1410; x_wconf 83' lang='lat' dir='ltr'>quo-</span> 
     </span>
    </p>
   </div>
   <div class='ocr_carea' id='block_1_5' title="bbox 1093 1528 3493 1792">
    <p class='ocr_par' dir='ltr' id='par_1_8' title="bbox 1093 1528 3493 1792">
     <span class='ocr_line' id='line_1_12' title="bbox 1093 1528 3493 1680; baseline -0.033 -9"><span class='ocrx_word' id='word_1_68' title='bbox 1093 1584 1426 1673; x_wconf 88' lang='lat' dir='ltr'>doloris‚</span> <span class='ocrx_word' id='word_1_69' title='bbox 1465 1570 1856 1680; x_wconf 79' lang='lat' dir='ltr'>postremo</span> <span class='ocrx_word' id='word_1_70' title='bbox 1890 1560 2164 1639; x_wconf 87' lang='lat' dir='ltr'>mortis</span> <span class='ocrx_word' id='word_1_71' title='bbox 2197 1548 2422 1658; x_wconf 79' lang='lat' dir='ltr'>ipsius</span> <span class='ocrx_word' id='word_1_72' title='bbox 2458 1536 2931 1623; x_wconf 81' lang='lat' dir='ltr'>exelderlnt‚</span> <span class='ocrx_word' id='word_1_73' title='bbox 2971 1528 3121 1610; x_wconf 74' lang='lat' dir='ltr'>nisi</span> <span class='ocrx_word' id='word_1_74' title='bbox 3154 1556 3379 1632; x_wconf 64' lang='lat' dir='ltr'>meq—</span> <span class='ocrx_word' id='word_1_75' title='bbox 3492 1567 3493 1604; x_wconf 62' lang='lat' dir='ltr'>r</span> 
     </span>
     <span class='ocr_line' id='line_1_13' title="bbox 1099 1642 3379 1792; baseline -0.031 -11"><span class='ocrx_word' id='word_1_76' title='bbox 1099 1698 1277 1792; x_wconf 72' lang='lat' dir='ltr'>rJum</span> <span class='ocrx_word' id='word_1_77' title='bbox 1314 1695 1578 1773; x_wconf 87' lang='lat' dir='ltr'>locum</span> <span class='ocrx_word' id='word_1_78' title='bbox 1617 1684 1848 1787; x_wconf 82' lang='lat' dir='ltr'>pietas</span> <span class='ocrx_word' id='word_1_79' title='bbox 1880 1729 1903 1764; x_wconf 92' lang='lat'>‚</span> <span class='ocrx_word' id='word_1_80' title='bbox 1970 1678 2046 1750; x_wconf 73' lang='grc' dir='ltr'>ὃ(</span> <span class='ocrx_word' id='word_1_81' title='bbox 2090 1658 2470 1747; x_wconf 84' lang='lat' dir='ltr'>fortitudo</span> <span class='ocrx_word' id='word_1_82' title='bbox 2506 1710 2530 1748; x_wconf 88' lang='lat'>‚</span> <span class='ocrx_word' id='word_1_83' title='bbox 2587 1656 2667 1746; x_wconf 72' lang='grc' dir='ltr'>ὅ(</span> <span class='ocrx_word' id='word_1_84' title='bbox 2712 1642 3021 1727; x_wconf 88' lang='lat' dir='ltr'>honesti</span> <span class='ocrx_word' id='word_1_85' title='bbox 3060 1642 3379 1748; x_wconf 72' lang='lat' dir='ltr'>praesens</span> 
     </span>
    </p>
   </div>
   <div class='ocr_carea' id='block_1_6' title="bbox 1021 1752 3377 1913">
    <p class='ocr_par' dir='ltr' id='par_1_9' title="bbox 1021 1752 3377 1913">
     <span class='ocr_line' id='line_1_14' title="bbox 1021 1752 3377 1913; baseline -0.028 -19"><span class='ocrx_word' id='word_1_86' title='bbox 1021 1833 1024 1836; x_wconf 73' lang='grc'><strong>’</strong></span> <span class='ocrx_word' id='word_1_87' title='bbox 1097 1819 1366 1913; x_wconf 70' lang='lat' dir='ltr'>,imago</span> <span class='ocrx_word' id='word_1_88' title='bbox 1406 1790 1823 1877; x_wconf 80' lang='lat' dir='ltr'>luccesserit</span> <span class='ocrx_word' id='word_1_89' title='bbox 1862 1786 1884 1864; x_wconf 75' lang='grc' dir='ltr'><strong>ἒ</strong></span> <span class='ocrx_word' id='word_1_90' title='bbox 1981 1787 2174 1879; x_wconf 82' lang='lat' dir='ltr'>Qae</span> <span class='ocrx_word' id='word_1_91' title='bbox 2226 1795 2435 1854; x_wconf 86' lang='lat' dir='ltr'>certe</span> <span class='ocrx_word' id='word_1_92' title='bbox 2472 1763 2748 1847; x_wconf 83' lang='lat' dir='ltr'>melius</span> <span class='ocrx_word' id='word_1_93' title='bbox 2790 1752 3279 1865; x_wconf 81' lang='lat' dir='ltr'>persuadebit</span> <span class='ocrx_word' id='word_1_94' title='bbox 3308 1781 3377 1858; x_wconf 60' lang='grc' dir='ltr'>ες-ι</span> 
     </span>
    </p>
   </div>
   <div class='ocr_carea' id='block_1_7' title="bbox 1103 1866 3372 2021">
    <p class='ocr_par' dir='ltr' id='par_1_10' title="bbox 1103 1866 3372 2021">
     <span class='ocr_line' id='line_1_15' title="bbox 1103 1866 3372 2021; baseline -0.029 -17"><span class='ocrx_word' id='word_1_95' title='bbox 1103 1926 1267 2012; x_wconf 86' lang='lat' dir='ltr'>liis,</span> <span class='ocrx_word' id='word_1_96' title='bbox 1310 1915 1445 2021; x_wconf 83' lang='lat' dir='ltr'>qui</span> <span class='ocrx_word' id='word_1_97' title='bbox 1473 1910 1676 2013; x_wconf 84' lang='lat' dir='ltr'>prius</span> <span class='ocrx_word' id='word_1_98' title='bbox 1711 1892 2159 2007; x_wconf 75' lang='lat' dir='ltr'>perluaserit</span> <span class='ocrx_word' id='word_1_99' title='bbox 2188 1887 2347 1966; x_wconf 88' lang='lat' dir='ltr'>fibi.</span> <span class='ocrx_word' id='word_1_100' title='bbox 2434 1875 2698 1960; x_wconf 80' lang='lat' dir='ltr'>Prodit</span> <span class='ocrx_word' id='word_1_101' title='bbox 2735 1867 2947 1950; x_wconf 81' lang='lat' dir='ltr'>enim</span> <span class='ocrx_word' id='word_1_102' title='bbox 2982 1866 3077 1948; x_wconf 75' lang='lat' dir='ltr'>st,</span> <span class='ocrx_word' id='word_1_103' title='bbox 3100 1892 3372 1971; x_wconf 77' lang='lat' dir='ltr'>quam-</span> 
     </span>
    </p>
   </div>
   <div class='ocr_carea' id='block_1_8' title="bbox 1025 1977 3363 2122">
    <p class='ocr_par' dir='ltr' id='par_1_11' title="bbox 1025 1977 3363 2122">
     <span class='ocr_line' id='line_1_16' title="bbox 1025 1977 3363 2122; baseline -0.029 -2"><span class='ocrx_word' id='word_1_104' title='bbox 1025 2045 1030 2076; x_wconf 81' lang='lat'><em>³</em></span> <span class='ocrx_word' id='word_1_105' title='bbox 1100 2034 1291 2122; x_wconf 88' lang='lat' dir='ltr'>libet</span> <span class='ocrx_word' id='word_1_106' title='bbox 1333 2016 1842 2104; x_wconf 85' lang='lat' dir='ltr'>custodiatur,</span> <span class='ocrx_word' id='word_1_107' title='bbox 1900 2002 2286 2087; x_wconf 75' lang='lat' dir='ltr'>simulatio</span> <span class='ocrx_word' id='word_1_108' title='bbox 2318 2033 2341 2074; x_wconf 90' lang='lat'><em>:</em></span> <span class='ocrx_word' id='word_1_109' title='bbox 2387 2009 2550 2096; x_wconf 54' lang='lat' dir='ltr'>xnee</span> <span class='ocrx_word' id='word_1_110' title='bbox 2591 2009 2934 2092; x_wconf 87' lang='lat' dir='ltr'>unquam</span> <span class='ocrx_word' id='word_1_111' title='bbox 2975 2001 3184 2057; x_wconf 81' lang='lat' dir='ltr'>tanta</span> <span class='ocrx_word' id='word_1_112' title='bbox 3214 1977 3363 2055; x_wconf 79' lang='lat' dir='ltr'>fue.</span> 
     </span>
    </p>
   </div>
   <div class='ocr_carea' id='block_1_9' title="bbox 1077 2093 3392 2904">
    <p class='ocr_par' dir='ltr' id='par_1_12' title="bbox 1077 2093 3392 2904">
     <span class='ocr_line' id='line_1_17' title="bbox 1103 2093 3383 2245; baseline -0.031 -18"><span class='ocrx_word' id='word_1_113' title='bbox 1103 2152 1207 2242; x_wconf 75' lang='lat' dir='ltr'>rit</span> <span class='ocrx_word' id='word_1_114' title='bbox 1253 2128 1628 2245; x_wconf 87' lang='lat' dir='ltr'>loquendi</span> <span class='ocrx_word' id='word_1_115' title='bbox 1657 2122 1965 2206; x_wconf 85' lang='lat' dir='ltr'>facultas</span> <span class='ocrx_word' id='word_1_116' title='bbox 1995 2174 2019 2212; x_wconf 88' lang='lat'>,</span> <span class='ocrx_word' id='word_1_117' title='bbox 2120 2142 2232 2196; x_wconf 83' lang='lat' dir='ltr'>uae</span> <span class='ocrx_word' id='word_1_118' title='bbox 2263 2134 2422 2190; x_wconf 91' lang='lat' dir='ltr'>non</span> <span class='ocrx_word' id='word_1_119' title='bbox 2459 2101 2737 2185; x_wconf 88' lang='lat' dir='ltr'>titubet</span> <span class='ocrx_word' id='word_1_120' title='bbox 2771 2122 2861 2174; x_wconf 86' lang='lat' dir='ltr'>ac</span> <span class='ocrx_word' id='word_1_121' title='bbox 2885 2093 3170 2174; x_wconf 72' lang='lat' dir='ltr'>haereat</span> <span class='ocrx_word' id='word_1_122' title='bbox 3206 2115 3383 2197; x_wconf 75' lang='lat' dir='ltr'>quo.</span> 
     </span>
     <span class='ocr_line' id='line_1_18' title="bbox 1110 2144 3383 2342; baseline -0.031 -1"><span class='ocrx_word' id='word_1_123' title='bbox 1110 2263 1254 2342; x_wconf 85' lang='lat' dir='ltr'>ties</span> <span class='ocrx_word' id='word_1_124' title='bbox 1302 2250 1397 2333; x_wconf 86' lang='lat' dir='ltr'>ab</span> <span class='ocrx_word' id='word_1_125' title='bbox 1444 2248 1714 2325; x_wconf 90' lang='lat' dir='ltr'>animo</span> <span class='ocrx_word' id='word_1_126' title='bbox 1771 2233 2008 2328; x_wconf 77' lang='lat' dir='ltr'>verba</span> <span class='ocrx_word' id='word_1_127' title='bbox 2053 2144 2524 2309; x_wconf 46' lang='lat' dir='ltr'>amentium.</span> <span class='ocrx_word' id='word_1_128' title='bbox 2637 2214 2779 2291; x_wconf 87' lang='lat' dir='ltr'>Vir</span> <span class='ocrx_word' id='word_1_129' title='bbox 2831 2229 3101 2284; x_wconf 85' lang='lat' dir='ltr'>autem</span> <span class='ocrx_word' id='word_1_130' title='bbox 3156 2201 3383 2283; x_wconf 77' lang='lat' dir='ltr'>malus</span> 
     </span>
     <span class='ocr_line' id='line_1_19' title="bbox 1077 2326 3386 2458; baseline -0.031 -4"><span class='ocrx_word' id='word_1_131' title='bbox 1077 2387 1078 2392; x_wconf 72' lang='lat'>&#39;</span> <span class='ocrx_word' id='word_1_132' title='bbox 1115 2366 1322 2458; x_wconf 82' lang='lat' dir='ltr'>aliud</span> <span class='ocrx_word' id='word_1_133' title='bbox 1356 2359 1558 2441; x_wconf 85' lang='lat' dir='ltr'>dicat</span> <span class='ocrx_word' id='word_1_134' title='bbox 1593 2344 1884 2433; x_wconf 83' lang='lat' dir='ltr'>neeesse</span> <span class='ocrx_word' id='word_1_135' title='bbox 1927 2340 2036 2423; x_wconf 88' lang='lat' dir='ltr'>est</span> <span class='ocrx_word' id='word_1_136' title='bbox 2059 2397 2083 2433; x_wconf 91' lang='lat'>,</span> <span class='ocrx_word' id='word_1_137' title='bbox 2136 2361 2371 2447; x_wconf 88' lang='lat' dir='ltr'>quam</span> <span class='ocrx_word' id='word_1_138' title='bbox 2403 2327 2643 2409; x_wconf 85' lang='lat' dir='ltr'>sentit.</span> <span class='ocrx_word' id='word_1_139' title='bbox 2704 2326 2971 2401; x_wconf 88' lang='lat' dir='ltr'>Bonos</span> <span class='ocrx_word' id='word_1_140' title='bbox 2996 2340 3386 2422; x_wconf 76' lang='lat' dir='ltr'>nunquam</span> 
     </span>
     <span class='ocr_line' id='line_1_20' title="bbox 1118 2434 3386 2569; baseline -0.032 -3"><span class='ocrx_word' id='word_1_141' title='bbox 1118 2473 1482 2569; x_wconf 87' lang='lat' dir='ltr'>honestus</span> <span class='ocrx_word' id='word_1_142' title='bbox 1532 2464 1793 2545; x_wconf 85' lang='lat' dir='ltr'>sermo</span> <span class='ocrx_word' id='word_1_143' title='bbox 1841 2455 2150 2537; x_wconf 88' lang='lat' dir='ltr'>deficiet</span> <span class='ocrx_word' id='word_1_144' title='bbox 2193 2505 2217 2543; x_wconf 88' lang='lat'>,</span> <span class='ocrx_word' id='word_1_145' title='bbox 2285 2464 2687 2549; x_wconf 86' lang='lat' dir='ltr'>nunquam</span> <span class='ocrx_word' id='word_1_146' title='bbox 2752 2459 3022 2526; x_wconf 84' lang='lat' dir='ltr'>rerum</span> <span class='ocrx_word' id='word_1_147' title='bbox 3068 2434 3386 2536; x_wconf 67' lang='lat' dir='ltr'>optima,</span> 
     </span>
     <span class='ocr_line' id='line_1_21' title="bbox 1109 2544 3390 2685; baseline -0.032 -1"><span class='ocrx_word' id='word_1_148' title='bbox 1109 2622 1294 2685; x_wconf 85' lang='lat' dir='ltr'>rum</span> <span class='ocrx_word' id='word_1_149' title='bbox 1356 2595 1584 2683; x_wconf 86' lang='lat' dir='ltr'>(nam</span> <span class='ocrx_word' id='word_1_150' title='bbox 1615 2575 1856 2657; x_wconf 85' lang='lat' dir='ltr'>iidem</span> <span class='ocrx_word' id='word_1_151' title='bbox 1892 2572 2130 2651; x_wconf 86' lang='lat' dir='ltr'>etiam</span> <span class='ocrx_word' id='word_1_152' title='bbox 2184 2556 2597 2671; x_wconf 87' lang='lat' dir='ltr'>prudentes</span> <span class='ocrx_word' id='word_1_153' title='bbox 2657 2553 2938 2642; x_wconf 88' lang='lat' dir='ltr'>erunt)</span> <span class='ocrx_word' id='word_1_154' title='bbox 3004 2544 3390 2624; x_wconf 66' lang='lat' dir='ltr'>inventio:</span> 
     </span>
     <span class='ocr_line' id='line_1_22' title="bbox 1115 2660 3386 2815; baseline -0.026 -33"><span class='ocrx_word' id='word_1_155' title='bbox 1115 2732 1293 2815; x_wconf 84' lang='lat' dir='ltr'>quae</span> <span class='ocrx_word' id='word_1_156' title='bbox 1311 2688 1611 2779; x_wconf 76' lang='lat' dir='ltr'>etiamst</span> <span class='ocrx_word' id='word_1_157' title='bbox 1649 2684 2052 2765; x_wconf 84' lang='lat' dir='ltr'>lenociniis</span> <span class='ocrx_word' id='word_1_158' title='bbox 2082 2675 2449 2758; x_wconf 78' lang='lat' dir='ltr'>destituta</span> <span class='ocrx_word' id='word_1_159' title='bbox 2474 2665 2564 2746; x_wconf 89' lang='lat' dir='ltr'>s1t</span> <span class='ocrx_word' id='word_1_160' title='bbox 2586 2716 2627 2754; x_wconf 76' lang='lat'>„</span> <span class='ocrx_word' id='word_1_161' title='bbox 2664 2660 2837 2739; x_wconf 86' lang='lat' dir='ltr'>satis</span> <span class='ocrx_word' id='word_1_162' title='bbox 2877 2676 3157 2737; x_wconf 85' lang='lat' dir='ltr'>tamen</span> <span class='ocrx_word' id='word_1_163' title='bbox 3193 2678 3386 2735; x_wconf 82' lang='lat' dir='ltr'>natu-</span> 
     </span>
     <span class='ocr_line' id='line_1_23' title="bbox 1117 2765 3392 2904; baseline -0.028 -8"><span class='ocrx_word' id='word_1_164' title='bbox 1117 2845 1206 2904; x_wconf 78' lang='lat' dir='ltr'>ra</span> <span class='ocrx_word' id='word_1_165' title='bbox 1262 2810 1392 2892; x_wconf 82' lang='lat' dir='ltr'>sua</span> <span class='ocrx_word' id='word_1_166' title='bbox 1433 2821 1754 2883; x_wconf 87' lang='lat' dir='ltr'>ornatur</span> <span class='ocrx_word' id='word_1_167' title='bbox 1787 2827 1806 2874; x_wconf 71' lang='grc' dir='ltr'><strong>ε</strong></span> <span class='ocrx_word' id='word_1_168' title='bbox 1869 2818 2013 2873; x_wconf 89' lang='lat' dir='ltr'>nee</span> <span class='ocrx_word' id='word_1_169' title='bbox 2040 2791 2461 2897; x_wconf 87' lang='lat' dir='ltr'>quicquam</span> <span class='ocrx_word' id='word_1_170' title='bbox 2496 2802 2659 2859; x_wconf 91' lang='lat' dir='ltr'>non</span> <span class='ocrx_word' id='word_1_171' title='bbox 2672 2768 2999 2859; x_wconf 87' lang='lat' dir='ltr'>diserte,</span> <span class='ocrx_word' id='word_1_172' title='bbox 3031 2765 3392 2876; x_wconf 82' lang='lat' dir='ltr'>quodho.</span> 
     </span>
    </p>
   </div>
   <div class='ocr_carea' id='block_1_10' title="bbox 1041 2883 3396 3017">
    <p class='ocr_par' dir='ltr' id='par_1_13' title="bbox 1041 2883 3396 3017">
     <span class='ocr_line' id='line_1_24' title="bbox 1041 2883 3396 3017; baseline -0.026 -2"><span class='ocrx_word' id='word_1_173' title='bbox 1041 2940 1050 2945; x_wconf 75' lang='grc'><strong><em>’</em></strong></span> <span class='ocrx_word' id='word_1_174' title='bbox 1123 2925 1335 3017; x_wconf 85' lang='lat' dir='ltr'>neste</span> <span class='ocrx_word' id='word_1_175' title='bbox 1368 2916 1670 2998; x_wconf 88' lang='lat' dir='ltr'>dieitur.</span> <span class='ocrx_word' id='word_1_176' title='bbox 1730 2912 1987 3005; x_wconf 76' lang='lat' dir='ltr'>Quare</span> <span class='ocrx_word' id='word_1_177' title='bbox 2022 2903 2422 3003; x_wconf 56' lang='lat' dir='ltr'>iuventus„</span> <span class='ocrx_word' id='word_1_178' title='bbox 2473 2894 2641 2971; x_wconf 88' lang='lat' dir='ltr'>imo</span> <span class='ocrx_word' id='word_1_179' title='bbox 2679 2883 2940 2965; x_wconf 82' lang='lat' dir='ltr'>omnis</span> <span class='ocrx_word' id='word_1_180' title='bbox 2988 2904 3174 2963; x_wconf 80' lang='lat' dir='ltr'>aetas</span> <span class='ocrx_word' id='word_1_181' title='bbox 3221 2889 3396 2971; x_wconf 73' lang='lat' dir='ltr'>(ne-</span> 
     </span>
    </p>
   </div>
   <div class='ocr_carea' id='block_1_11' title="bbox 1117 2992 3493 3710">
    <p class='ocr_par' dir='ltr' id='par_1_14' title="bbox 1117 2992 3493 3710">
     <span class='ocr_line' id='line_1_25' title="bbox 1127 2992 3493 3152; baseline -0.025 -28"><span class='ocrx_word' id='word_1_182' title='bbox 1127 3066 1280 3152; x_wconf 91' lang='lat' dir='ltr'>que</span> <span class='ocrx_word' id='word_1_183' title='bbox 1316 3033 1530 3133; x_wconf 85' lang='lat' dir='ltr'>enim</span> <span class='ocrx_word' id='word_1_184' title='bbox 1563 3023 1790 3109; x_wconf 73' lang='lat' dir='ltr'>testae</span> <span class='ocrx_word' id='word_1_185' title='bbox 1841 3015 2229 3101; x_wconf 89' lang='lat' dir='ltr'>voluntati</span> <span class='ocrx_word' id='word_1_186' title='bbox 2275 3007 2529 3089; x_wconf 89' lang='lat' dir='ltr'>serum</span> <span class='ocrx_word' id='word_1_187' title='bbox 2584 2995 2694 3080; x_wconf 87' lang='lat' dir='ltr'>est</span> <span class='ocrx_word' id='word_1_188' title='bbox 2747 3015 3068 3098; x_wconf 84' lang='lat' dir='ltr'>tempus</span> <span class='ocrx_word' id='word_1_189' title='bbox 3112 2992 3394 3084; x_wconf 58' lang='lat' dir='ltr'>tulum)</span> <span class='ocrx_word' id='word_1_190' title='bbox 3492 3044 3493 3065; x_wconf 25' lang='lat' dir='ltr'>i</span> 
     </span>
     <span class='ocr_line' id='line_1_26' title="bbox 1125 3104 3406 3238; baseline -0.027 0"><span class='ocrx_word' id='word_1_191' title='bbox 1125 3156 1314 3238; x_wconf 83' lang='lat' dir='ltr'>totis</span> <span class='ocrx_word' id='word_1_192' title='bbox 1365 3137 1754 3224; x_wconf 87' lang='lat' dir='ltr'>mentibus</span> <span class='ocrx_word' id='word_1_193' title='bbox 1801 3133 1955 3214; x_wconf 91' lang='lat' dir='ltr'>hue</span> <span class='ocrx_word' id='word_1_194' title='bbox 2012 3124 2416 3206; x_wconf 88' lang='lat' dir='ltr'>tendamus</span> <span class='ocrx_word' id='word_1_195' title='bbox 2454 3166 2478 3201; x_wconf 66' lang='lat'>²</span> <span class='ocrx_word' id='word_1_196' title='bbox 2541 3118 2624 3194; x_wconf 88' lang='lat' dir='ltr'>in</span> <span class='ocrx_word' id='word_1_197' title='bbox 2678 3108 2834 3189; x_wconf 87' lang='lat' dir='ltr'>hoe</span> <span class='ocrx_word' id='word_1_198' title='bbox 2875 3104 3406 3187; x_wconf 75' lang='lat' dir='ltr'>elaboremus.-</span> 
     </span>
     <span class='ocr_line' id='line_1_27' title="bbox 1117 3215 3410 3351; baseline -0.024 -4"><span class='ocrx_word' id='word_1_199' title='bbox 1117 3259 1375 3351; x_wconf 87' lang='lat' dir='ltr'>forsan</span> <span class='ocrx_word' id='word_1_200' title='bbox 1402 3260 1482 3336; x_wconf 83' lang='lat'>&amp;</span> <span class='ocrx_word' id='word_1_201' title='bbox 1515 3246 2056 3332; x_wconf 85' lang='lat' dir='ltr'>consummare</span> <span class='ocrx_word' id='word_1_202' title='bbox 2094 3236 2516 3338; x_wconf 87' lang='lat' dir='ltr'>contingat.</span> <span class='ocrx_word' id='word_1_203' title='bbox 2603 3226 2818 3303; x_wconf 87' lang='lat' dir='ltr'>Nam</span> <span class='ocrx_word' id='word_1_204' title='bbox 2860 3215 2916 3296; x_wconf 86' lang='lat' dir='ltr'>fi</span> <span class='ocrx_word' id='word_1_205' title='bbox 2941 3241 3236 3299; x_wconf 81' lang='lat' dir='ltr'>natura</span> <span class='ocrx_word' id='word_1_206' title='bbox 3262 3238 3410 3299; x_wconf 77' lang='lat' dir='ltr'>non</span> 
     </span>
     <span class='ocr_line' id='line_1_28' title="bbox 1122 3328 3415 3487; baseline -0.025 -27"><span class='ocrx_word' id='word_1_207' title='bbox 1122 3371 1488 3487; x_wconf 87' lang='lat' dir='ltr'>prohibet</span> <span class='ocrx_word' id='word_1_208' title='bbox 1527 3368 1607 3444; x_wconf 72' lang='grc' dir='ltr'>δι</span> <span class='ocrx_word' id='word_1_209' title='bbox 1652 3355 1800 3438; x_wconf 73' lang='lat' dir='ltr'>ess&#39;e</span> <span class='ocrx_word' id='word_1_210' title='bbox 1851 3356 2108 3436; x_wconf 84' lang='lat' dir='ltr'>virum</span> <span class='ocrx_word' id='word_1_211' title='bbox 2160 3347 2458 3427; x_wconf 88' lang='lat' dir='ltr'>bonum</span> <span class='ocrx_word' id='word_1_212' title='bbox 2495 3397 2520 3425; x_wconf 82' lang='grc'><strong>.</strong></span> <span class='ocrx_word' id='word_1_213' title='bbox 2585 3340 2667 3417; x_wconf 87' lang='lat'>&amp;</span> <span class='ocrx_word' id='word_1_214' title='bbox 2715 3328 2863 3411; x_wconf 80' lang='lat' dir='ltr'>effe</span> <span class='ocrx_word' id='word_1_215' title='bbox 2911 3328 3251 3413; x_wconf 88' lang='lat' dir='ltr'>dicendi</span> <span class='ocrx_word' id='word_1_216' title='bbox 3302 3354 3415 3435; x_wconf 83' lang='lat' dir='ltr'>pe-</span> 
     </span>
     <span class='ocr_line' id='line_1_29' title="bbox 1122 3438 3493 3574; baseline -0.027 -2"><span class='ocrx_word' id='word_1_217' title='bbox 1122 3494 1408 3573; x_wconf 88' lang='lat' dir='ltr'>ritum:</span> <span class='ocrx_word' id='word_1_218' title='bbox 1454 3504 1595 3559; x_wconf 85' lang='lat' dir='ltr'>eur</span> <span class='ocrx_word' id='word_1_219' title='bbox 1631 3497 1796 3552; x_wconf 87' lang='lat' dir='ltr'>non</span> <span class='ocrx_word' id='word_1_220' title='bbox 1832 3464 2105 3574; x_wconf 82' lang='lat' dir='ltr'>aliquis</span> <span class='ocrx_word' id='word_1_221' title='bbox 2151 3462 2389 3540; x_wconf 85' lang='lat' dir='ltr'>etiam</span> <span class='ocrx_word' id='word_1_222' title='bbox 2445 3474 2639 3531; x_wconf 88' lang='lat' dir='ltr'>unus</span> <span class='ocrx_word' id='word_1_223' title='bbox 2691 3466 3133 3550; x_wconf 83' lang='lat' dir='ltr'>utrumque</span> <span class='ocrx_word' id='word_1_224' title='bbox 3166 3438 3417 3527; x_wconf 80' lang='lat' dir='ltr'>conse-</span> <span class='ocrx_word' id='word_1_225' title='bbox 3492 3456 3493 3525; x_wconf 70' lang='lat'>3</span> 
     </span>
     <span class='ocr_line' id='line_1_30' title="bbox 1127 3552 3421 3710; baseline -0.026 -30"><span class='ocrx_word' id='word_1_226' title='bbox 1127 3601 1264 3710; x_wconf 91' lang='lat' dir='ltr'>qui</span> <span class='ocrx_word' id='word_1_227' title='bbox 1302 3589 1531 3702; x_wconf 81' lang='lat' dir='ltr'>poffit</span> <span class='ocrx_word' id='word_1_228' title='bbox 1582 3587 1606 3668; x_wconf 73' lang='grc' dir='ltr'><strong><em>ἓ</em></strong></span> <span class='ocrx_word' id='word_1_229' title='bbox 1658 3610 1798 3663; x_wconf 87' lang='lat' dir='ltr'>eur</span> <span class='ocrx_word' id='word_1_230' title='bbox 1835 3598 2096 3659; x_wconf 84' lang='lat' dir='ltr'>autem</span> <span class='ocrx_word' id='word_1_231' title='bbox 2131 3597 2296 3653; x_wconf 88' lang='lat' dir='ltr'>non</span> <span class='ocrx_word' id='word_1_232' title='bbox 2346 3568 2421 3648; x_wconf 87' lang='lat' dir='ltr'>se</span> <span class='ocrx_word' id='word_1_233' title='bbox 2453 3557 2773 3670; x_wconf 80' lang='lat' dir='ltr'>quisque</span> <span class='ocrx_word' id='word_1_234' title='bbox 2816 3554 3069 3664; x_wconf 86' lang='lat' dir='ltr'>speret</span> <span class='ocrx_word' id='word_1_235' title='bbox 3121 3555 3312 3638; x_wconf 86' lang='lat' dir='ltr'>fore</span> <span class='ocrx_word' id='word_1_236' title='bbox 3351 3552 3421 3630; x_wconf 82' lang='lat' dir='ltr'>il.</span> 
     </span>
    </p>
   </div>
   <div class='ocr_carea' id='block_1_12' title="bbox 1061 3664 3418 3841">
    <p class='ocr_par' dir='ltr' id='par_1_15' title="bbox 1061 3664 3418 3841">
     <span class='ocr_line' id='line_1_31' title="bbox 1061 3664 3418 3841; baseline -0.029 -46"><span class='ocrx_word' id='word_1_237' title='bbox 1061 3676 1068 3681; x_wconf 17' lang='grc' dir='ltr'><strong>ἶ</strong></span> <span class='ocrx_word' id='word_1_238' title='bbox 1126 3715 1300 3841; x_wconf 75' lang='lat' dir='ltr'>lum</span> <span class='ocrx_word' id='word_1_239' title='bbox 1337 3694 1733 3809; x_wconf 79' lang='lat' dir='ltr'>aliquem?</span> <span class='ocrx_word' id='word_1_240' title='bbox 1802 3688 1928 3773; x_wconf 86' lang='lat' dir='ltr'>Ad</span> <span class='ocrx_word' id='word_1_241' title='bbox 1962 3681 2179 3797; x_wconf 91' lang='lat' dir='ltr'>quod</span> <span class='ocrx_word' id='word_1_242' title='bbox 2218 3680 2271 3762; x_wconf 86' lang='lat' dir='ltr'><strong>fi</strong></span> <span class='ocrx_word' id='word_1_243' title='bbox 2309 3683 2511 3761; x_wconf 85' lang='lat' dir='ltr'>vires</span> <span class='ocrx_word' id='word_1_244' title='bbox 2552 3668 2843 3779; x_wconf 87' lang='lat' dir='ltr'>ingenii</span> <span class='ocrx_word' id='word_1_245' title='bbox 2875 3696 3042 3753; x_wconf 82' lang='lat' dir='ltr'>non</span> <span class='ocrx_word' id='word_1_246' title='bbox 3104 3664 3418 3757; x_wconf 63' lang='lat' dir='ltr'>suffecg.</span> 
     </span>
    </p>
   </div>
   <div class='ocr_carea' id='block_1_13' title="bbox 3492 3548 3493 4743">
    <p class='ocr_par' dir='ltr' id='par_1_16' title="bbox 3492 3548 3493 4743">
     <span class='ocr_line' id='line_1_32' title="bbox 3492 3548 3493 4743; baseline 0 0"><span class='ocrx_word' id='word_1_247' title='bbox 3492 3548 3493 4743; x_wconf 95' lang='lat' dir='ltr'> </span> 
     </span>
    </p>
   </div>
  </div>
 </body>
</html>
