3557 5113
798 262 1003 387 334

1277 302 1278 305 κ
1379 224 1531 333 M.
1625 227 2025 330 FA131'1
2115 205 3141 371 QuichrmiANi

1111 521 1148 603 ί
1159 509 1378 625 quod
1406 510 1572 611 scio
1609 513 1746 594 vix
1807 511 2018 619 posse
2070 509 2286 593 credi
2337 523 2683 609 tantum)
2747 509 2920 592 alta:
2978 511 3250 599 mentis
3302 536 3376 589 o-

1107 623 1480 706 stenderit
1522 624 1546 704 3
1602 622 1848 732 qualis
1904 626 2261 705 amorem
2318 633 2759 735 quicunque
2817 625 3109 704 alienus'
3160 622 3376 701 infans

1109 758 1563 820 mereretur.
1656 735 1853 817 Illud
1900 765 2091 821 vero
2149 737 2569 821 insidiantis
2595 794 2618 830 ,
2700 766 2862 848 quo
2910 767 3042 855 me
3087 734 3378 818 validius

1109 853 1533 943 cruciaret,
1583 849 1914 930 fortunae
1971 849 2121 931 fuit
2168 907 2193 943 ,
2261 875 2347 932 ut
2390 852 2523 969 ilie
2592 852 2789 932 mihi
2855 845 3375 939 blandiffimus‚

1108 989 1240 1042 me
1288 960 1434 1041 suis
1458 961 1931 1053 nutricibus,
1996 990 2128 1045 me
2172 968 2357 1046 aviae
2406 962 2811 1063 educanti,
2870 992 2999 1043 me
3046 961 3373 1069 omnibus

1110 1075 1246 1181 qui
1295 1071 1673 1153 solicitare
1741 1072 1909 1168 illas
1973 1097 2228 1156 aetates
2276 1075 2567 1165 solent,
2635 1077 3073 1156 anteferret.
3186 1081 3366 1173 Qa-

1110 1206 1439 1291 propter
1498 1184 1611 1264 illi
1659 1183 1968 1277 dolori,
2028 1214 2267 1296 quem
2337 1216 2435 1269 ex
2483 1212 2733 1269 matre
2780 1193 3128 1295 optima,
3176 1199 3375 1295 atque

1109 1294 1425 1376 laudem
1468 1324 1794 1378 omnem
1834 1295 2294 1406 super-gressa
2316 1358 2340 1386 ‚
2395 1330 2682 1413 paucos
2726 1324 2904 1382 ante
2951 1298 3240 1381 menses
3279 1327 3377 1378 ce-

1110 1435 1384 1514 peram
1422 1463 1447 1499 ,
1526 1409 1897 1515 gratulor.
2007 1415 2267 1496 Minus
2328 1417 2542 1494 enim
2600 1414 2708 1494 est
2779 1413 2994 1522 quod
3056 1410 3374 1492 flendum

1109 1546 1298 1601 meo
1339 1525 1707 1605 nomine,
1756 1549 1993 1628 quarn
2037 1525 2252 1633 quod
2296 1527 2500 1607 illius
2554 1526 3052 1633 gaudendum
3099 1524 3222 1606 est.
3291 1527 3373 1605 U-

1106 1659 1208 1712 na
1252 1632 1425 1739 post
1468 1631 1630 1711 haec
1677 1633 2180 1723 Quinstiliani
2225 1643 2382 1718 mei
2427 1638 2555 1745 spe
2607 1667 2691 1719 ac
2718 1641 3118 1745 voluptate
3202 1639 3370 1716 inni·

1103 1742 1371 1847 >tebar:
1412 1750 1489 1823 &
1534 1765 1839 1850 poterat
1884 1742 2229 1828 sufficere
2274 1749 2564 1830 solatio.
2630 1758 2819 1832 Non
2862 1755 3076 1831 enim
3132 1747 3374 1829 floscu-

1103 1852 1269 1945 loS,
1310 1851 1500 1934 ficut
1543 1858 1759 1959 prior
1789 1912 1811 1947 ,
1891 1856 2021 1949 sed
2078 1864 2234 1959 jam
2275 1855 2673 1943 decimum
2732 1868 2974 1944 attatis
3032 1859 3368 1970 ingreffus

1103 1991 1397 2045 annum
1430 2020 1453 2054 ‚
1521 1990 1774 2075 certos
1817 1991 2047 2078 atque
2088 1962 2570 2055 deformatos
2609 1975 2891 2056 frustus
2937 1976 3364 2055 ostenderat.

1098 2074 1292 2184 Juro
1340 2104 1484 2183 per
1513 2080 1718 2159 mala
1763 2107 1985 2174 mea,
2039 2111 2181 2191 per
2224 2085 2615 2166 infelicem
2653 2088 3222 2178 conscientiam,
3255 2111 3370 2193 per

1102 2187 1280 2269 illos
1319 2216 1631 2281 manes,
1674 2196 1996 2273 numina
2039 2203 2199 2276 mei
2221 2196 2517 2277 doloris
2543 2255 2567 2289 ,
2621 2198 2755 2280 has
2798 2229 2926 2280 me
2974 2203 3059 2278 in
3109 2200 3244 2280 illo
3275 2199 3368 2278 vi·

1100 2298 1284 2381 diss'e
1347 2294 1672 2383 virtutes
1741 2307 2098 2410 ingenii,
2170 2308 2627 2390 non'modo
2701 2311 2799 2391 ad
2865 2308 3368 2420 percipiendas

1098 2408 1571 2518 disciplinas,
1638 2417 2035 2523 'quonihil
2099 2421 2572 2526 praestantius
2647 2427 2989 2529 cognovi
3064 2423 3370 2530 plurima

1098 2546 1459 2630 expertus
1480 2534 1520 2626 ,ς
1537 2525 1916 2636 studiique
1969 2532 2127 2632 jam
2172 2556 2343 2615 tum
2376 2563 2538 2615 non
2581 2538 2825 2617 coacti
2868 2525 3167 2631 (fciunt
3204 2563 3369 2641 prae-

1097 2654 1504 2752 ceptores)
1553 2639 1682 2719 sed
1724 2644 2174 2746 probitatiS,
2219 2650 2571 2755 pietatis,
2631 2649 3165 2741 humanitatis,
3206 2646 3369 2725 libe-

1090 2748 1472 2844 ralitatis3
1532 2773 1616 2828 ut
1660 2752 1989 2856 prorsusx
2029 2756 2260 2860 possit
2323 2761 2508 2838 hinc
2572 2761 2719 2841 effe
2787 2765 2977 2841 tanti
3045 2760 3371 2842 fulminis

1086 2879 1342 2942 metus
1375 2916 1400 2951 ‚
1455 2859 1670 2968 quod
1713 2863 2200 2948 observatum
2255 2870 2415 2950 fere
2462 2869 2616 2963 est,
2683 2873 3004 2953 celerius
3035 2870 3366 2956 occidere

1085 2967 1517 3052 festinatam
1580 2978 2112 3059 maturitatem
2151 3034 2177 3071 ‚
2275 2987 2354 3062 &
2403 2981 2548 3062 esse
2606 2985 2863 3065 nescio
2893 3013 3184 3094 quam,
3222 3011 3368 3091 quae

1083 3078 1248 3185 spes
1296 3083 1538 3163 tantas
1585 3083 1959 3193 decerpat,
1994 3147 2016 3181 ‚
2076 3092 2451 3176 invidiam
2499 3127 2519 3176 ε
2600 3124 2701 3176 ne
2764 3097 3136 3190 videlicet
3190 3089 3364 3180 ultra

1082 3215 1323 3298 quam
1370 3195 1672 3310 homini
1719 3197 1993 3281 datum
2027 3203 2181 3291 est,
2229 3206 2490 3286 nostra
2524 3210 3075 3314 provehantur.
3140 3214 3368 3290 Etiam

1076 3304 1208 3384 illa
1254 3306 1926 3392 fortuita‘aderant
1961 3320 2271 3414 omnia5
2328 3323 2538 3402 vocis
2575 3317 3005 3421 jucunditati
3046 3321 3369 3403 claritass

1078 3440 1282 3522 que,
1329 3424 1481 3497 oris
1528 3417 1901 3514 suavitas,
1961 3432 2041 3508 δε
2103 3433 2187 3508 in
2234 3453 2712 3541 utracunque
2780 3435 3042 3542 lingua
3099 3490 3124 3525 ,
3227 3460 3371 3518 tan·

1077 3553 1317 3634 quam
1354 3529 1454 3610 ad
1491 3558 1665 3616 eam
1703 3531 2030 3618 demum
2066 3562 2284 3622 natus
2341 3541 2522 3623 esset
2555 3599 2580 3637 ‚
2631 3547 2971 3654 expressa
3028 3553 3374 3656 proprie-

1079 3662 1190 3718 tas
1242 3644 1606 3722 omnium
1663 3642 2081 3733 literarum.
2178 3653 2327 3735 Sed
2390 3655 2552 3738 haec
2607 3658 2774 3765 spes
2832 3658 3081 3740 adhuc
3138 3693 3160 3739 ε
3257 3661 3375 3741 illa

1075 3753 1372 3872 majora
1411 3809 1433 3843 ,
1495 3755 1917 3870 constantia
1945 3819 1968 3853 ,
2021 3770 2390 3872 gravitas,
2448 3793 2719 3851 contra
2774 3770 3086 3853 dolores
3126 3777 3377 3875 {ctiam

1079 3888 1168 3941 ac
1214 3888 1486 3950 metus
1525 3867 1786 3949 robur.
1880 3878 2089 3957 Nam
2133 3906 2293 3987 quo
2346 3879 2476 3960 ille
2534 3886 2801 3965 animo
2832 3940 2857 3975 ,
2918 3913 3070 3993 qua
3134 3883 3377 3968 medi-

1079 3999 1357 4056 corum
1439 3975 1949 4066 admiratione
2007 4044 2032 4078 ‚
2130 3985 2514 4074 m‘ensmm
2584 3996 2765 4079 osto
2844 3997 3373 4082 valetudinem

3140 4106 3299 4189 tulit
3318 4119 3359 4191 ,θ
