3557 5113
1040 303 1243 372 -uusoe
1259 314 1376 364 tam
1392 295 1581 359 breves
1600 291 1822 358 suanm
1852 282 2285 368 proposit-ionem
2319 279 2499 361 potius
2523 277 2780 347 babeant,
2802 296 2971 359 quam
2996 275 3397 340 narratione-12

1049 404 1176 447 :aut
1197 403 1324 443 eum
1351 378 1510 452 judici
1539 375 1733 435 omnia
1756 370 1878 430 sunt
1907 367 2152 447 cognita,
2173 366 2417 423 maxime
2444 376 2503 418 ut
2545 361 2702 418 nobis
2729 358 2966 437 expedit,
3046 360 3084 438 J
3125 355 3315 417 Adfert
3339 364 3401 416 ά,

1050 510 1060 531 t
1084 466 1193 526 alia
1214 459 1416 522 actoris
1443 455 1525 516 vel
1549 454 1765 532 patroni
1805 450 2017 526 propria
2041 461 2307 521 tempora.
2397 442 2452 503 Si
2483 442 2720 499 narratio
2761 454 2947 496 contra
2984 456 3089 496 nos
3116 439 3214 494 erit
3234 476 3254 502 ,
3281 455 3402 495 non

1054 534 1539 622 -Praetermittenda
1586 538 1615 609 (
1639 548 1697 588 ut
1717 527 1946 607 quidam
1973 523 2222 582 volebant
2251 528 2277 593 )
2313 519 2399 578 sed
2428 516 2803 583 extenuanda,
2827 516 3023 576 melius
3051 521 3405 591 interpretan.

1080 624 1165 682 ’da
1190 655 1209 684 .
1250 619 1366 679 aliis
1399 611 1563 673 causis
1632 602 2005 668 remunienda
2029 643 2047 667 ‚
2093 621 2217 679 quae
2248 617 2440 659 contra
2479 616 2581 655 nos
2616 595 2814 655 faciant
2835 636 2855 661 ,
2889 592 3208 654 contendit.-
3247 592 3408 670 quod

1058 740 1064 750 ·
1094 718 1215 780 quo
1246 696 1406 775 pasto
1444 694 1511 750 in
1532 692 1597 748 tri
1638 708 1699 750 us
1744 683 1964 745 statibus
2002 679 2311 741 faciendum
2344 675 2412 737 fit
2432 719 2448 744 ,
2488 677 2793 745 coniectura
2814 716 2831 739 ‚
2866 675 3121 733 finitione
3147 678 3204 731 ἀ
3227 670 3407 749 quali-

1054 796 1204 839 etate
1222 818 1240 842 ,
1276 769 1533 832 fusrffime
1564 767 1743 826 docet.
1784 761 1952 836 Quod
1975 756 2012 818 fi
2039 762 2209 819 mixta
2237 759 2362 822 erit,
2390 772 2595 833 partem
2622 774 2744 831 quat
2768 771 2869 829 pro
2900 751 3058 812 nobis
3080 749 3237 814 facit,
3257 752 3408 827 prius

1084 852 1189 915 effe
1210 850 1549 913 tractandam
1573 886 1589 911 ,
1634 842 1833 901 deinde
1868 838 2115 898 adversus
2134 837 2339 912 reliqua
2372 834 2622 893 remediis
2651 831 2933 890 utendum.
2982 832 3036 889 Si
3068 828 3216 906 plura
3247 844 3408 893 erunt

1087 955 1213 1013 qua:
1238 931 1460 1009 prosunt
1481 968 1497 993 ,
1542 928 1600 983 in
1634 921 1828 982 mediis
1866 927 2132 993 tanquam
2175 914 2382 973 auxiliis
2413 909 2666 990 ponenda
2690 950 2707 974 .
2754 929 2876 987 φιτ.
2923 907 3137 967 obstant
3162 948 3179 973 ,
3220 909 3409 964 minus

1090 1013 1301 1074 virium
1320 1006 1391 1065 fic
1420 1003 1683 1065 habitura.
1761 997 2100 1056 Narrationis
2135 992 2388 1052 ordinem
2407 989 2509 1048 effe
2536 1029 2555 1052 .
2594 1005 2656 1047 ut
2695 1008 2811 1065 quo
2849 987 3007 1063 pasto
3027 986 3158 1063 quid
3188 984 3408 1065 gestum

1089 1090 1195 1158 est,
1231 1086 1301 1146 fic
1331 1082 1542 1146 anobis
1581 1091 2049 1140 commemoretur
2069 1086 2092 1130 :²
2131 1066 2250 1137 nisi,
2272 1089 2333 1128 ut
2360 1068 2612 1126 ordinem
2642 1070 2975 1125 invertamus
3002 1105 3018 1129 ,
3050 1067 3223 1143 magis
3241 1082 3409 1141 expe-

1087 1168 1238 1228 diet:
1280 1184 1409 1224 nam
1430 1181 1531 1241 pro
1565 1179 1618 1217 re
1645 1164 1699 1216 δι
1730 1172 1977 1231 tempore
2006 1148 2265 1210 intuenda
2291 1148 2436 1209 varia
2468 1166 2587 1225 φιτ
2618 1141 2852 1222 prosint:
2879 1141 3031 1220 quod
3064 1141 3306 1220 pluribus
3332 1138 3402 1199 fi-

1087 1250 1236 1327 guris
1257 1241 1383 1303 ficri'
1397 1238 1571 1321 potest
1603 1260 1617 1295 ε
1661 1230 1972 1293 simulando
1998 1223 2274 1290 excidisse,
2297 1224 2451 1302 quod
2478 1225 2695 1282 utiliore
2714 1222 2839 1280 loco
2866 1220 3169 1280 reducatur:
3188 1236 3287 1280 aut
3312 1239 3406 1277 ex..

1132 1322 1264 1387 ofita
1295 1342 1350 1387 re
1380 1362 1395 1386 ‚
1430 1318 1609 1377 causas
1629 1333 1750 1391 φιτ
1772 1304 2155 1370 antecesserunt
2174 1346 2190 1372 ,
2238 1301 2629 1382 subjungendo.
2709 1301 2865 1369 Circa
2892 1300 3224 1358 narrationes
3253 1296 3408 1357 fictas

1062 1423 1074 1438 ·
1137 1419 1372 1481 quarum
1390 1414 1561 1479 genus
1586 1411 1760 1453 unum
1783 1388 2151 1446 instrumentis
2170 1383 2478 1454 adjuvetur,
2499 1382 2725 1439 alterum
2748 1377 2971 1437 dicentis
2994 1380 3047 1434 in
3090 1376 3221 1436 enio
3247 1395 3409 1435 tuen·

1061 1480 1230 1541 ‘’dum
1265 1476 1368 1548 fit)
1408 1472 1709 1534 curandum
1738 1470 2010 1546 primurn,
2032 1480 2091 1522 ut
2115 1464 2264 1541 quod
2288 1460 2510 1538 fingitur
2530 1497 2548 1521 ,
2595 1456 2710 1517 fieri
2735 1454 2928 1536 poffit:
2976 1475 3038 1512 ut
3051 1397 3194 1514 ἥσω
3220 1497 3239 1519 .
3287 1475 3405 1533 per·

1064 1558 1238 1619 'sonae
1265 1598 1281 1622 ,
1324 1554 1559 1630 tempori
1591 1592 1606 1616 ,
1641 1547 1969 1613 conveniat;
2011 1549 2068 1602 &
2111 1543 2383 1599 rationem
2406 1536 2746 1602 credibilem,
2788 1535 3153 1611 ordinemque
3171 1532 3403 1592 habeat:

1088 1654 1284 1715 nequa
1308 1636 1448 1693 inter
1472 1631 1520 1687 se
1543 1642 1783 1705 pugnent
1799 1666 1816 1691 ,
1851 1630 1909 1681 δι
1945 1641 2006 1679 ea
2031 1619 2285 1699 fingenda
2312 1658 2329 1683 ‚
2368 1636 2491 1693 qua:
2515 1633 2627 1672 non
2652 1611 2848 1689 possint
2874 1612 3089 1672 refutari
3117 1632 3209 1690 per
3231 1611 3408 1670 testes.

1066 1721 1237 1776 'Item
1303 1732 1384 1768 ua:
1414 1730 1445 1768 a
1462 1707 1732 1766 defunctis
1754 1742 1774 1771 ,
1815 1703 1895 1760 vel
1920 1701 1988 1757 ab
2015 1718 2082 1757 eo
2109 1702 2191 1756 cui
2216 1696 2494 1772 expediet,
2520 1692 2601 1752 vel
2626 1692 2695 1751 ab
2718 1692 3052 1755 adversario.
3072 1693 3156 1749 cui
3181 1710 3249 1749 ne
3294 1689 3410 1748 anti

1089 1812 1265 1856 nemo
1305 1789 1472 1846 ubens
1499 1783 1694 1844 credet.
1773 1787 1814 1856 3
1857 1778 2065 1836 Vitiosa
2100 1771 2200 1833 effe
2226 1784 2279 1831 in
2309 1775 2648 1835 narratione,
2679 1769 2985 1835 excursum,
3006 1708 3406 1847 apostropffien.

1090 1871 1331 1951 prosopo
1371 1867 1565 1925 eciam,
1598 1857 2133 1939 argumentationcs5
2160 1874 2278 1930 quat
2305 1868 2490 1908 tamen
2514 1852 2727 1908 ratione
2748 1868 2814 1907 co
2854 1851 3061 1911 ente,in
3086 1848 3282 1908 cadem
3305 1848 3410 1905 vit.

1092 1964 1276 2008 tutum
1307 1966 1344 2004 o
1383 1946 1557 2000 tinent
1589 1939 1774 1996 locum
1800 1966 1817 2004 3
1864 1951 2049 2011 praeter
2071 1935 2571 2011 argumentationes
2594 1966 2611 1994 ,
2657 1947 2825 2006 quaea
2885 1927 2992 1985 hec
3020 1925 3144 1984 loco
3168 1926 3295 1983 sunt
3310 1926 3410 1984 ali·

1076 2022 1224 2087 ³enae.
1305 2025 1343 2103 J
1386 2021 1764 2080 Elocurionem
1795 2031 2063 2091 quantum
2096 2030 2174 2069 res
2202 2010 2425 2084 patitur.
2449 2004 2640 2066 debere
2668 2006 2934 2064 excultam
2957 1999 3092 2071 effe,
3119 2005 3398 2080 omnique

1089 2124 1285 2171 venere
1309 2115 1627 2161 exornatam
1651 2136 1669 2163 ,
1700 2100 1758 2151 δι
1799 2092 1969 2151 verbis
2000 2087 2145 2168 quasi
2169 2089 2314 2146 sensu
2335 2086 2518 2143 tinctis
2542 2124 2561 2153 ,
2602 2083 2656 2141 id
2683 2083 2758 2142 est
2787 2124 2805 2149 ,
2836 2083 3108 2142 sententia:
3129 2083 3410 2152 cujusdam

1092 2203 1189 2246 aut
1219 2178 1530 2263 argumenti
1559 2170 1984 2233 admonentibus
2020 2166 2328 2230 distinfiam
2347 2206 2367 2231 ,
2412 2163 2480 2223 ad
2527 2183 2640 2221 rem
2671 2181 2855 2223 tamen
2884 2160 3367 2221 accommodatam
3388 2202 3405 2225 ,

1072 2280 1159 2334 Qut
1185 2280 1346 2339 parva
1377 2249 1757 2335 prcss'c2gravia
1783 2249 2031 2307 atrociter
2062 2285 2078 2311 ‚
2113 2244 2284 2302 tristia
2309 2242 2673 2301 miserabiliter
2693 2239 2937 2297 dicamus
2961 2263 2975 2294 ε
3004 2238 3074 2296 ad
3098 2238 3256 2317 quod
3285 2238 3408 2314 plu..

1094 2334 1301 2399 rimum
1322 2334 1590 2394 conducet
1612 2370 1630 2399 ,
1668 2349 1792 2407 quae
1817 2347 1896 2384 res
1919 2321 2066 2401 quasi
2088 2340 2215 2379 ante
2239 2321 2430 2378 oculos
2452 2322 2606 2394 ponit
2634 2315 3018 2396 hypotyposis,
3058 2322 3115 2374 ὅ(
3139 2317 3407 2375 nal-„ntis

1038 2476 1039 2479 ,
1074 2418 1382 2478 autoritas,
1409 2432 1530 2488 qua:
1554 2415 1610 2467 ὅ(
1631 2407 1777 2465 bona
1798 2404 1901 2467 vita
1929 2412 1978 2462 dt
2006 2402 2186 2461 fausto
2208 2400 2472 2456 orationis
2511 2417 2704 2475 genere
2729 2413 2957 2473 paretur.
3003 2397 3040 2474 ς
3065 2396 3407 2454 Nan-ationis

1075 2498 1319 2554 ‘initium
1349 2489 1449 2549 effe
1480 2510 1510 2547 ὃ
1546 2490 1766 2565 persona
1797 2522 1814 2548 s
1855 2483 1936 2541 vcl
1982 2502 2012 2540 a
2057 2500 2113 2537 re
2141 2503 2154 2536 ι
2190 2485 2244 2535 &
2272 2477 2553 2554 personam
2587 2476 2718 2552 poni
2749 2475 3020 2532 interdum
3044 2492 3170 2533 cum
3202 2475 3414 2529 suisne.

1074 2572 1398 2631 ‚cidentibus
1428 2610 1442 2635 ,
1476 2564 1750 2625 interdum
1772 2559 1881 2618 fine
1909 2556 2009 2623 his.
2086 2561 2273 2614 Finem
2307 2560 2414 2616 eius
2443 2552 2656 2631 perduci
2689 2573 2760 2611 eo
2794 2548 2939 2630 poss'e
2961 2590 2979 2618 ,
3011 2551 3155 2615 unde
3176 2547 3408 2632 quasti„

1100 2652 1300 2716 oritur,
1326 2649 1566 2710 maxime
1593 2662 1624 2704 a
1649 2642 1881 2722 petitore
1910 2651 1935 2715 3
1977 2655 2112 2697 nam
2133 2655 2166 2696 a
2189 2632 2467 2696 defensore
2498 2651 2615 2692 non
2635 2631 2839 2710 semper
2860 2650 3011 2693 item.

1953 2829 2063 2896 De
2140 2828 2324 2924 Egre
2344 2841 2556 2893 ‚nona

2034 2991 2242 3062 ΕΑΒ.
2349 2994 2486 3066 111.

1242 3177 1522 3247 Ntequam
1551 3163 1622 3225 ad
1647 3158 2146 3221 confirmationem
2181 3156 2365 3216 veniat
2394 3187 2411 3214 .
2451 3171 2577 3232 quae
2607 3151 2991 3212 Narrationem
3006 3149 3159 3231 sequi
3198 3155 3370 3215 debet
3388 3195 3410 3220 .

1101 3178 1596 3329 Aquorundam
1650 3241 1845 3300 refellit
1901 3239 2192 3316 opiniones
2220 3273 2240 3299 ‚
2297 3235 2393 3314 qui
2427 3235 2561 3290 inter
2593 3232 2691 3290 has
2739 3228 3104 3310 Egreffionem
3144 3234 3414 3292 velam-

1093 3341 1343 3391 tionem.
1378 3327 1471 3386 vei»
1491 3320 1933 3398 Propofitionem
1979 3333 2243 3391 tanquam
2276 3327 2449 3390 partes
2486 3316 2544 3369 δι
2567 3310 2770 3387 semper
2786 3305 3094 3368 necessarias
3124 3350 3140 3374 ,
3163 3311 3411 3371 colloca-

1094 3409 1244 3466 bant.
1327 3400 1695 3481 Egreffionem
1725 3397 1832 3454 hoc
1851 3397 2024 3470 capite
2053 3395 2242 3452 trastat
2266 3391 2380 3448 :cui
2412 3390 2595 3448 locum
2623 3409 2735 3446 non
2757 3382 2860 3447 esse
2886 3383 3237 3447 neccffiirium
3269 3391 3412 3448 inter

1074 3479 1595 3546 ¹confirmationem
1618 3482 1675 3533 δε
1697 3472 2099 3531 Narrationem‚
2122 3469 2282 3527 docet
2306 3492 2322 3526 ς
2357 3470 2672 3525 Narrationi
2699 3485 2878 3526 tamen
2895 3506 2912 3533 ,
2934 3472 2988 3524 δι
3017 3464 3413 3541 quastionibns

1093 3563 1178 3628 vel
1201 3555 1483 3620 universis.
1509 3554 1589 3612 vel
1615 3552 1838 3630 singulis
1872 3563 2181 3626 opportune
2216 3543 2509 3623 aliquando
2543 3547 2785 3626 subjungi
2817 3585 2836 3609 ,
2867 3565 2995 3602 cum
3021 3565 3097 3601 res
3123 3542 3366 3621 postulat
3397 3586 3416 3612 ‚

1092 3657 1188 3700 aut
1221 3638 1498 3715 permittit.
1517 3639 1671 3708 Opus
1696 3651 1756 3688 ca
1781 3625 1914 3692 effe,
1951 3645 2077 3683 cum
2095 3626 2331 3685 narratio
2353 3623 2556 3682 nullam
2587 3624 2986 3683 dubitationem
3013 3620 3209 3680 habens
3223 3641 3415 3706 ..rea

1094 3716 1269 3779 finem
1282 3731 1469 3781 atrox,
1490 3710 1635 3769 velut
1661 3709 1845 3786 spiritu
1874 3719 2192 3782 erumpente
2217 3702 2614 3781 indignatione,
2638 3700 3004 3781 prosequenda
3027 3697 3114 3757 est.
3156 3700 3418 3779 Quando

1076 3797 1261 3856 *etiam
1302 3789 1424 3870 post
1466 3791 1658 3848 merita
1697 3797 2135 3845 commemorata
2196 3780 2377 3842 invehi
2421 3782 2678 3842 volumus
2736 3797 2795 3837 ut
2838 3782 2899 3837 in
2933 3779 3184 3857 ingratos.
3267 3782 3419 3838 Item

1074 3871 1315 3952 ,quando
1338 3867 1544 3947 aliquid
1573 3868 1819 3943 asperum
1836 3901 1852 3924 .
1886 3861 2035 3939 quod
2063 3863 2194 3918 tueri
2224 3859 2511 3925 volumus.
2538 3867 2921 3939 praeparatione
2947 3858 3128 3934 aliqua
3153 3857 3422 3936 pra-‚mol-

1088 3951 1336 4017 liendum
1370 3951 1485 4012 erit.
1527 3950 1669 4008 Hinc
1691 3942 1826 4023 quid
1846 3936 2117 4022 Egteffio,
2135 3943 2191 3999 δε
2209 3958 2379 4017 quam
2407 3939 2512 4001 late
2532 3954 2709 4019 pareat
2726 3976 2743 4006 .
2777 3933 3132 4002 demonstrat.
3341 4003 3352 4015 ,
3413 4017 3420 4024 ἡ

3303 4030 3421 4097 De
