3557 5113
703 269 710 273 ⁶
864 327 1091 435 502

826 1822 1017 1922 CA».
1048 1823 1103 1900 1.
1127 1888 1132 1893 ,

1183 475 1381 729 M
1441 580 2005 726 FABH*
2059 573 3336 762 QnNchANJ

2212 840 2313 943 D
2373 841 2447 941 E

1272 1069 2412 1281 Institutione
2522 1065 3282 1223 Oratoria

1638 1362 2583 1596 LIBER
2725 1359 3065 1596 IX.

1532 1814 1698 1897 UM
1736 1808 1828 1890 fit
1867 1811 2237 1916 proximo
2270 1809 2476 1891 libro
2511 1808 2611 1895 de
2657 1798 2902 1918 tropis
2948 1808 3177 1888 distum
3201 1862 3218 1893 ,
3265 1802 3337 1881 se-

1201 1873 1265 2147 ‹
1556 1928 1823 2033 quitur
1841 1925 2236 2026 pertinens
2260 1922 2359 2003 ad
2396 1923 2707 2031 figuraS,
2730 1951 2899 2031 quat
2917 1919 3177 2033 χῆμαι-ιι
3187 1922 3337 1996 Grae·

1564 2062 1654 2116 ce
1689 2054 2066 2125 vocantur
2095 2090 2119 2125 ‚
2160 2034 2377 2115 loeus
2400 2091 2423 2127 ,
2487 2035 2641 2142 ipsa
2679 2044 2794 2115 rei
2832 2058 3072 2115 natura
3114 2032 3339 2127 conjun-

1558 2150 1720 2229 &us
1753 2146 2150 2254 superiori.
2208 2154 2418 2228 Nam
2452 2151 2810 2256 plerique
2849 2150 2975 2228 has
3006 2169 3216 2249 tropos
3244 2136 3343 2217 effe

1185 2258 1817 2345 existimaverunt
1853 2289 1875 2338 ε
1928 2261 2108 2368 quia
2154 2257 2307 2343 five
2357 2287 2456 2340 ex
2534 2260 2690 2340 hoc
2751 2259 3086 2341 duxerint
3118 2276 3343 2335 nomen,

1189 2369 1406 2483 quod
1438 2370 1585 2453 sint
1622 2372 1954 2460 ¹formati
1991 2369 2335 2481 quodam
2393 2371 2637 2451 modo
2672 2404 2697 2465 3
2757 2371 2906 2455 sive
2954 2399 3041 2449 ex
3082 2394 3166 2446 eo
3197 2357 3345 2469 quod

1188 2482 1645 2568 transferant
1674 2486 2137 2576 orationem,
2158 2482 2364 2565 unde
2403 2489 2760 2566 &motus
2799 2483 3159 2573 dicuntum
3183 2477 3347 2556 faren-

1185 2595 1385 2678 dum
1425 2601 1570 2679 erit
1604 2595 1752 2678 ess'e
1788 2618 2205 2706 utrumque
2241 2623 2517 2677 eorum
2555 2600 2801 2678 etiam
2829 2601 2910 2677 in
2938 2595 3179 2703 figuris.
3222 2585 3347 2670 Usus

1190 2734 1508 2817 quoque
1538 2708 1651 2789 est
1693 2706 1929 2788 idem.
1978 2735 2162 2788 nam
2193 2713 2271 2789 ὅ(
2308 2712 2472 2791 vim
2504 2709 2735 2789 rebus
2770 2708 3349 2811 adjiciunt,&gra-

1193 2824 1384 2902 tiam
1418 2819 1797 2929 praestant.
1894 2825 2062 2900 Nee
2115 2819 2384 2900 desunt
2422 2823 2556 2928 qui
2592 2827 2844 2928 tropis
2880 2820 3118 2927 figurae
3148 2834 3350 2896 nomen

1191 2936 1602 3038 imponant
1641 2962 1662 3010 ε
1717 2955 2060 3038 quorum
2113 2930 2224 3011 est
2278 2938 2363 3012 C.
2400 2936 2764 3014 Artorius
2819 2933 3163 3014 Proculus.
3210 2929 3350 3024 Qin

1191 3041 1390 3125 adeo
1429 3041 1856 3124 similitudo
1899 3042 2296 3124 manifesta
2320 3043 2455 3135 est,
2499 3066 2586 3125 ut
2614 3072 2797 3125 eam
2836 3044 3220 3127 disternere
3249 3055 3349 3113 non

1185 3151 1280 3236 fit
1310 3159 1393 3236 in
1424 3177 1765 3264 promtu.
1881 3160 2091 3236 Nam
2142 3182 2305 3264 quo
2354 3155 2602 3237 modo
2635 3157 2992 3265 quaedam
3032 3163 3103 3235 in
3140 3153 3229 3231 his
3251 3143 3346 3251 spe-

1185 3271 1342 3349 eies
1387 3268 1615 3376 plane
1637 3265 1961 3352 distant,
1996 3289 2360 3349 manente
2400 3291 2663 3349 tamen
2694 3271 3033 3375 generali
3069 3266 3180 3346 illa
3206 3259 3355 3339 socie·

1193 3398 1352 3458 tate
1392 3434 1417 3473 ‚
1479 3377 1696 3487 quod
1749 3399 2077 3488 utraque
2129 3406 2250 3461 res
2292 3408 2338 3460 a
2394 3382 2597 3460 recta
2656 3386 2742 3461 ὅ(
2795 3383 3109 3489 simplici
3150 3373 3356 3454 ratione

1191 3516 1377 3570 eum
1415 3491 1669 3600 aliqua
1714 3487 2029 3572 dicendi
2089 3495 2376 3573 virtute
2416 3489 2858 3577 deflestitur
2896 3530 2923 3572 .·
2970 3499 3066 3574 ita
3100 3481 3357 3597 quaedam

1190 3625 1572 3710 perquam
1611 3604 1823 3683 tenui
1862 3602 2110 3683 limite
2144 3602 2594 3687 dividuntur
2637 3637 2655 3685 ε
2698 3628 2791 3687 ut
2811 3636 2995 3688 cum
3030 3599 3239 3688 ironia
3258 3612 3361 3672 tam

1193 3716 1403 3794 inter
1437 3713 1716 3820 figuras
1753 3711 2169 3808 sententiat,
2211 3742 2449 3825 quam
2473 3720 2680 3797 inter
2713 3741 2988 3826 tropos
3028 3709 3359 3822 reperim*-

1117 3883 1122 3890 -
1189 3824 1611 3933 περίφρασιν
1642 3846 1930 3916 autem,
1952 3831 2031 3907 ὅ(
2066 3826 2471 3929 ὁπέρβωτον
2492 3884 2514 3920 ,
2550 3833 2628 3909 ὅ(
2653 3811 3363 3930 ὁνομόιτοποΐιωνῶτέῐῖ·

1185 3934 1411 4023 θετον,
1455 3934 1636 4016 clari
1691 3963 2012 4045 quoque
2049 3941 2393 4020 austores
2432 3940 2711 4048 figuras
2760 3944 3164 4024 verbm-um
3188 3928 3364 4043 potius

1183 4072 1427 4222 ssuuam
1456 4069 1728 4156 tropos
1765 4047 2146 4190 dixssQt·
2182 4211 2189 4222 ι
2225 4057 2411 4226 QG
2443 4059 2689 4162 magis
2728 4053 3089 4163 signanda
3126 4047 3210 4131 est
3196 4058 3363 4255 ug&
