3557 5113
274 246 507 409 De
551 236 985 451 Instit.
1031 243 1758 430 Ονιῑίονὶα,
1799 243 2096 410 Lib.
2146 247 2249 405 I.
2465 250 2474 257 ’
2567 255 2718 390 43'

154 573 617 684 prehendatur
653 575 921 658 vitiose
976 578 1240 689 loqui,
1280 576 1495 688 quod
1536 582 1803 661 omnia
1844 608 2013 771 {¹1¹ae
2053 615 2091 663 e
2118 590 2195 665 δε
2232 615 2271 664 o
2303 582 2402 673 li-
2428 610 2495 687 (ς
2520 634 2564 679 A
2591 628 2655 682 p,
2685 600 2821 698 Vlg

154 696 288 769 teris
320 688 599 770 fatendi
639 688 886 769 modo
926 696 1479 783 terminantur,
1520 692 1795 773 eadem
1881 722 1905 773 1
1952 698 2034 774 in
2087 695 2400 776 infinitis

153 834 181 881 e
218 805 493 881 literam
553 800 808 881 media
877 801 1160 910 syllaba
1217 828 1680 911 acceperunt
1710 864 1730 889 ‚
1790 808 2061 915 utique
2118 808 2402 914 produ-

152 912 307 992 stam
342 915 621 993 habent
652 970 675 1004 ,
732 937 821 994 ut
859 916 1179 1025 prandeo
1212 975 1233 1001 ‚
1267 918 1573 1027 pendeo,
1599 918 1950 1028 spondeo,·
1986 919 2346 1032 prandere
2373 979 2393 1007 ‚

142 1026 413 1137 pendere,
436 1028 799 1138 spondere.
892 1034 1002 1108 At
1036 1056 1208 1137 quae
1249 1059 1286 1108 o
1326 1029 1570 1109 solam
1620 1030 1902 1110 habent
1943 1088 1963 1121 ‚
2030 1030 2400 1112 dummo-

152 1137 230 1218 do
260 1167 379 1247 per
416 1139 750 1219 eandem
804 1138 1111 1220 literam
1151 1144 1232 1219 in
1276 1141 1584 1220 infinito
1624 1165 1942 1234 exeant,
2000 1145 2260 1225 brevia
2314 1143 2416 1224 fi--
2517 1222 2520 1223 γ

154 1275 287 1343 unt,
334 1257 472 1363 lego
489 1309 510 1336 ,
547 1253 709 1332 dico
725 1310 747 1337 ,
798 1281 1047 1343 curro,·
1112 1257 1334 1364 legere
1352 1312 1373 1340 ‚
1407 1255 1641 1334 dicere
1658 1311 1679 1339 ,
1720 1283 2036 1338 currere:
2105 1254 2403 1338 etiamfi

156 1363 235 1444 est
265 1364 445 1469 apud
480 1365 921 1450 Lucilium,

292 1481 508 1557 Fervit
533 1508 732 1590 aqua
749 1535 772 1562 ‚
808 1473 1150 1585 &ftrvet
1166 1512 1189 1555 .·
1198 1478 1444 1586 fervit
1470 1508 1657 1560 nunc
1674 1535 1694 1563 ,
1705 1481 1959 1584 fimet
1982 1481 2088 1559 ad
2112 1508 2402 1560 annum.

154 1585 279 1666 Sed
306 1618 467 1695 pace
511 1590 772 1670 dicere
833 1589 1171 1670 hominis
1223 1588 1708 1670 eruditisfimi
1750 1591 2018 1683 liceat,
2072 1589 2129 1670 s1
2160 1596 2406 1701 ftrvit

152 1725 330 1804 putat
357 1701 454 1781 illi
500 1701 755 1782 fimile
790 1710 1021 1783 currit
1056 1707 1133 1781 δε
1176 1703 1385 1811 legit,
1432 1706 1653 1811 fervo
1701 1701 2004 1783 dicetur
2059 1726 2143 1783 ut
2197 1734 2406 1787 curro

156 1815 216 1891 ὅ(
248 1816 417 1924 lego:
477 1814 701 1924 quod
740 1815 964 1895 nobis
998 1811 1434 1892 inauditum
1477 1816 1604 1894 est.
1703 1813 1853 1894 Sed
1889 1815 2200 1894 nonest
2241 1816 2407 1896 haec

160 1950 297 2004 vera
327 1932 797 2035 comparatio
846 1957 864 2005 ε
956 1953 1140 2006 nam
1182 1929 1426 2034 ftrvit
1482 1928 1597 2005 illi
1669 1927 1778 2004 est
1838 1924 2086 2006 fimile
2116 1929 2404 2034 strm‘t:

158 2061 337 2143 quam
364 2043 961 2146 proportionem
1001 2037 1350 2147 sequenti
1402 2036 1658 2119 dicere
1697 2037 1990 2118 necesse
2037 2040 2400 2146 estfbrvi·

155 2178 241 2232 re,
277 2175 349 2230 ut
360 2154 652 2259 strvire.
797 2156 1050 2231 Prima
1116 2175 1435 2259 quoque
1487 2149 1900 2259 aliquando
1952 2149 2236 2257 pofitio
2300 2180 2402 2237 ex

150 2262 426 2370 obliquis
480 2268 915 2350 invenitur,
987 2285 1075 2343 ut
1137 2265 1522 2342 memoria
1575 2286 1851 2370 repeto
1903 2265 2297 2345 convictos
2357 2291 2403 2344 a

148 2400 261 2451 me
299 2380 418 2482 qui
465 2375 1107 2484 reprehenderant
1218 2374 1378 2454 uod
1436 2374 1587 2454 hoc
1634 2377 1878 2458 verbo
1939 2374 2112 2456 usus
2167 2374 2403 2456 effem

134 2494 358 2598 peptgi.
444 2495 634 2570 Nam
683 2489 763 2570 id
805 2486 1127 2598 quidem
1214 2485 1420 2567 ixisse
1460 2487 1808 2568 summos
1852 2487 2199 2568 auctores
2221 2514 2402 2568 con-

148 2597 499 2682 fitebantur
524 2661 549 2695 ‚
608 2607 1009 2684 rationem
1093 2623 1356 2681 tamen
1410 2598 1795 2707 negabant
1886 2603 2341 2706 permittere
2377 2631 2402 2680 ε

153 2717 289 2818 quia
317 2719 539 2822 prima
571 2714 871 2823 politio
900 2715 1214 2826 pacistor
1231 2769 1254 2805 ,
1299 2740 1481 2791 cum
1515 2712 1832 2793 haberet
1877 2733 2236 2793 naturam
2273 2740 2402 2819 pa·-

160 2825 343 2906 tiendi
369 2886 389 2921 ‚
435 2829 730 2909 faceret
799 2849 1155 2933 tempore
1225 2828 1619 2932 praeterito
1663 2831 1919 2938 pallus
1937 2826 2139 2932 sitm:
2230 2831 2402 2908 Nos

151 2964 367 3040 praeter
395 2945 943 3022 austoritatem
982 2961 1384 3019 oratorum
1421 2960 1575 3045 atq3
1622 2937 2203 3026 historicorum,
2234 2965 2404 3018 ana-

144 3047 310 3156 logia
339 3081 633 3164 quoque
679 3055 838 3134 hoc
876 3055 1299 3132 tuebamur.
1368 3055 1577 3128 Nam
1620 3077 1802 3130 cum
1845 3051 2277 3157 legeremus
2315 3055 2399 3133 in

138 3163 273 3241 XII.
330 3168 580 3249 tabulis
604 3226 628 3259 ,
673 3175 785 3247 Ni
808 3174 923 3246 ita
933 3189 1246 3276 pacant3
1315 3161 1894 3244 inveniebamus
1936 3162 2180 3242 simile
2214 3164 2398 3244 huic

139 3276 361 3360 cadunt.
454 3280 637 3361 inde
703 3280 957 3386 prima
1012 3276 1294 3385 politio
1326 3330 1349 3364 ,
1409 3270 1704 3354 etiamsi
1775 3274 2150 3357 vetustate
2211 3301 2402 3354 exo-

144 3383 373 3471 leverat
396 3449 417 3483 ‚
453 3392 867 3500 apparebat
883 3417 1063 3504 paco
1089 3447 1112 3483 ‚
1168 3414 1256 3470 ut
1319 3383 1491 3467 cado
1513 3423 1537 3464 .·
1566 3419 1575 3424 ·
1604 3384 1810 3467 unde
1848 3416 2009 3470 non
2050 3409 2220 3467 erat
2245 3385 2396 3469 du-

144 3498 307 3581 bium
344 3505 437 3585 sic
472 3513 731 3618 peptgi
772 3529 916 3584 nos
967 3502 1220 3584 dicere
1254 3560 1274 3587 ,
1342 3523 1430 3582 ut
1482 3500 1720 3582 cecidi.
1817 3501 1963 3583 Sed
2015 3504 2394 3582 memine-

146 3612 329 3693 rimus
365 3647 512 3698 non
558 3647 713 3727 per
756 3619 1023 3696 omnia
1058 3615 1233 3697 duci
1290 3614 1660 3724 analogiae
1706 3615 1912 3726 poffe
1956 3618 2390 3705 rationem,

147 3749 297 3802 cum
326 3733 387 3808 ὅ(
431 3731 558 3812 fibi
626 3729 796 3838 ipsa
838 3728 1191 3835 plurimis
1231 3732 1310 3806 in
1350 3728 1540 3812 locis
1579 3749 1979 3840 repugnet.
2012 3725 2392 3832 Qaedam

131 3830 273 3916 line
307 3836 501 3925 dubio
554 3863 964 3940 conantur
1031 3842 1310 3930 eruditi
1351 3839 1813 3944 defendere,
1863 3863 1966 3924 ‘ut
2022 3851 2206 3922 cum'
2262 3839 2392 3921 de-

122 3951 523 4052 prehensum
608 3941 733 4037 est
778 4011 802 4046 ,
872 3958 1061 4070 lepus
1126 3962 1211 4038 &
1268 3945 1471 4069 lupus
1508 4012 1530 4047 ‚
1596 3950 1872 4034 fimilia
1947 3954 2335 4062 politione
2364 4005 2394 4043 ,

122 4085 446 4174 quantum
501 4068 812 4155 casibus
853 4069 1344 4184 numerisque
1401 4067 1875 4165 diffentiant3
1941 4071 2054 4152 ita·
2080 4065 2396 4262 regpon-

498 4187 519 4206 ’
1276 4185 1330 4284 ,F
1382 4206 1414 4285 3
2204 4195 2394 4287 ⁶¹¹²&
