3557 5113
734 348 999 487 '668
1183 329 1418 495 M
1464 319 2210 489 ἘΔΜ-τοδε]
2254 341 2289 410 ι
2336 336 2405 415 N
2451 331 2620 407 cr
2674 331 2705 399 1
2762 294 3003 394 ιιλ
3053 290 3263 391 N‘t'

683 622 879 716 Cu.
898 615 983 693 11.

1103 627 1205 686 an
1241 597 1413 683 vim
1461 581 1709 671 modo
1749 603 2013 663 rerum
2059 593 2294 681 atque
2336 559 2705 643 ordinem
2750 539 3188 651 complecti
3208 533 3280 615 sa
3302 535 3390 615 εἰς

1108 711 1197 795 fit
1255 743 1277 789 .-
1379 705 1479 787 de
1529 725 1691 809 quo
1733 691 1885 775 fine
1941 685 2177 765 dubio
2238 703 2400 757 non
2478 663 2734 779 potest
2798 663 2878 737 in
2956 647 3390 735 universim

1117 815 1633 937 pronunciari.
1729 813 1937 885 Nam
1985 797 2041 879 fi
2087 787 2474 875 memoria
2526 775 2978 879 suffragatur
3010 823 3034 857 ,
3108 778 3392 869 tempus

1123 961 1285 1019 non
1337 925 1569 1011 defit,
1615 915 1829 1003 nulla
1875 941 2003 993 me
2041 907 2286 991 velim
2346 897 2626 1005 syllaba
2670 883 2984 989 effugiat
3032 911 3052 957 ι
3132 863 3394 981 alioqui

1125 1049 1359 1131 etiarn
1413 1037 1739 1121 scribere
1815 1025 1907 1107 fit
1967 1023 2540 1129 supervacuum.
2632 999 2870 1107 quue
2914 993 3304 1103 precipue
3357 1011 3394 1063 a

1133 1159 1393 1269 pueris
1419 1151 1713 1231 ‘obtin-2
1729 1139 1976 1221 ndum
2013 1191 2035 1227 ,
2117 1153 2348 1237 atque
2390 1127 2472 1217 in
2520 1121 2716 1199 hanc
2774 1099 3396 1189 consuetudinem

1137 1267 1527 1353 memoria
1569 1255 2111 1341 exercitatione
2149 1233 2610 1343 redigenda,
2660 1251 2758 1305 ne
2792 1219 3014 1305 nobis
3046 1213 3394 1295 discamus

1141 1379 1559 1491 ignoscere.
1655 1367 1995 1473 Ideoque
2034 1365 2115 1439 &
2149 1347 2594 1435 admoneri,
2654 1343 2732 1421 δι
2768 1331 2866 1413 ad
2898 1327 3252 1411 libellum
3302 1347 3396 1403 re·

1145 1495 1433 1605 spicere
1489 1481 1847 1569 vitiosum
1891 1531 1913 1561 ‚
1985 1467 2198 1581 quod
2258 1463 2698 1541 libertatern
2764 1441 3252 1555 negligenti:
3308 1433 3394 1513 fa-

1149 1613 1313 1701 cit,
1370 1629 1513 1683 nec
1551 1593 1947 1705 quisquam
2003 1585 2075 1663 se
2127 1603 2404 1683 parurn
2484 1591 2746 1649 tenere
2816 1555 3108 1661 judicat
3146 1611 3172 1641 .
3212 1541 3398 1659 quod

1153 1747 1249 1801 ne
1347 1713 1481 1793 fibi
1567 1701 1873 1789 excidat
1911 1753 1933 1789 ,
2037 1719 2200 1773 non
2290 1691 2536 1767 timet.
2684 1671 2881 1755 lnde‘
2960 1672 3400 1769 interruptus

1159 1829 1473 1909 astionis
1539 1825 1874 1923 impetus
1909 1865 1931 1903 ,
2015 1811 2095 1887 &
2151 1797 2498 1881 resistens
2564 1819 2649 1871 ac
2706 1779 3066 1865 salebrofi
3118 1777 3400 1857 matio,

1159 1949 1235 2023 ὅ(
1279 1939 1413 2045 qui
1457 1933 1639 2013 dicit
1691 1923 2055 2009 ediscenti
2113 1911 2378 1995 similis
2426 1965 2447 1997 ‚
2534 1909 2770 1984 etiam
2830 1917 3163 1996 omnem?
3213 1887 3400 1965 bene

1159 2053 1623 2157 scriptorum
1667 2041 1995 2147 gratiam
2033 2019 2450 2137 perdit‚vel
2504 2019 2655 2097 hoc
2716 2009 2882 2117 ipso
2910 2061 2932 2097 ‚
2984 1997 3186 2113 quod
3234 1993 3396 2073 scri-

1165 2161 1375 2273 pfiffe
1439 2157 1510 2237 se
1573 2151 2011 2235 confitetur.
2183 2135 2570 2221 Memoria
2620 2146 2884 2207 autem
2954 2115 3132 2197 facit
3196 2107 3414 2191 etiam

1161 2275 1463 2387 promti
1509 2267 1799 2375 ingenii
1839 2261 2171 2342 famam,
2228 2275 2312 2330 ut
2376 2245 2506 2325 illa
2568 2267 2738 2349 quae
2794 2231 3126 2331 dicimus
3160 2275 3188 2316 ‚
3272 2243 3414 2301 non

1171 2387 1419 2467 domo
1465 2377 1791 2463 attulisse
1835 2429 1859 2463 ‚
1927 2365 2053 2449 sed
2093 2367 2194 2445 ibi
2246 2361 2596 2469 protinus
2648 2343 2974 2431 sumsisse
3014 2337 3418 2423 videamur.-

1171 2497 1387 2607 quod
1459 2503 1537 2577 ὅ(
1625 2489 1915 2573 oratori
1993 2487 2073 2563 δε
2133 2477 2270 2587 ipsi
2356 2469 2590 2553 causa:
2632 2463 3062 2573 plurimum
3124 2445 3422 2533 confert-

1177 2619 1387 2693 Nam
1429 2615 1507 2689 &
1555 2607 1797 2707 magis
1853 2601 2220 2677 miratu-r,
2282 2593 2360 2667 δε
2413 2589 2668 2665 minus
2724 2575 2958 2655 timet
3008 2565 3244 2671 judex
3277 2583 3422 2669 quae

1179 2751 1343 2802 non
1387 2741 1607 2830 putat
1665 2707 2017 2793 adversus
2065 2705 2137 2785 se
2196 2717 2633 2810 praeparata.
2726 2685 2966 2798 quue
3014 2685 3102 2761 in
3152 2673 3426 2761 affioni·

1179 2838 1319 2916 bus
1363 2838 1561 2912 inter
1603 2828 1983 2936 praecipua
2023 2812 2480 2900 servandum
2522 2804 2630 2886 est
2656 2860 2676 2890 .
2722 2820 2808 2880 ut
2842 2789 3428 2908 quaedarnetimn

1183 2974 1353 3056 quae
1389 2946 1691 3050 optime
1733 2938 2171 3022 vinximus,
2240 2924 2454 3008 velut
2496 2918 2736 3002 soluta
2787 2912 3280 2990 enuntiemus
3316 2930 3332 2978 :
3364 2900 3436 2978 &

1175 3054 1703 3168 ‘cogitantibus
1793 3068 2354 3152 nonnunquam
2428 3040 2506 3115 δε
2590 3022 3110 3110 dubimntibm
3186 3008 3440 3117 ssmiles

1195 3197 1533 3282 quaerere
1585 3163 1991 3248 videamur
2037 3184 2208 3266 quae
2248 3150 2666 3232 attulimus.
2780 3144 2988 3246 Ergo
3028 3128 3224 3242 quid
3254 3124 3340 3210 fit
3374 3150 3442 3202 ο-

1195 3290 1583 3398 ptimum,
1655 3278 2053 3358 neminem
2107 3268 2324 3376 fugit.
2511 3260 2586 3340 Si
2642 3278 2830 3334 vero
2888 3270 3020 3328 aut
3090 3236 3444 3326 memoria

1197 3418 1465 3478 natura
1525 3390 1797 3472 durior
1853 3390 1999 3466 erit
2047 3440 2067 3466 ,
2157 3398 2282 3460 aut
2336 3400 2494 3454 non
2566 3360 3096 3470 suffragabitur
3144 3372 3444 3460 templ-s

1203 3512 1437 3590 etiam
1477 3502 1751 3584 inutile
1803 3502 1947 3580 erit
1999 3492 2091 3578 ad
2129 3489 2400 3570 omnia
2446 3484 2514 3564 se
2564 3475 2796 3562 verba
2852 3474 3172 3583 alligare
3206 3524 3236 3562 ‚
3298 3484 3442 3544 wcufi]

1199 3620 1490 3703 oblivio
1543 3620 1763 3696 unius
1815 3634 2089 3692 eorum
2147 3597 2590 3700 cujuslibet,
2652 3610 2784 3676 aut
2832 3584 3288 3668 deformem
3342 3576 3438 3654 bz-

1199 3730 1673 3812 fitationern,
1735 3746 1859 3814 aut
1905 3724 2145 3804 etiam
2198 3713 2574 3792 silentium
2620 3700 2954 3788 inducat.
3054 3686 3440 3796 Tutiustfffl
3490 3686 3491 3691 ¹

1201 3842 1503 3930 multo,
1547 3828 2125 3940 comprehensis
2171 3830 2438 3906 animo
2480 3820 2706 3898 rebus
2740 3810 2908 3918 ipsis
2948 3866 2970 3892 .
3036 3806 3444 3889 libertatem

1201 3956 1339 4040 fibi
1399 3948 1817 4060 eloquendi
1873 3944 2340 4050 relinquere.
2480 3938 2690 4012 Nam
2748 3932 2824 4006 δε
2878 3924 3164 4006 invitus
3234 3908 3454 4026 perd*

1183 4066 1519 4184 'quisque
1561 4064 1641 4150 id
1679 4058 1897 4184 quod
1951 4056 2288 4172 elegerat
2326 4046 2654 4136 verbum
2694 4070 2712 4132 z
2782 4062 2930 4130 uec
2980 4028 3208 4122 facile
3264 4046 3463 4216 miz
