3557 5113
317 236 553 399 De
582 229 1032 439 Instii.
1104 234 1817 409 Oratoria,
1850 230 2148 393 Lib.
2195 236 2261 395 Ι
2269 246 2300 397 .”
2607 270 2754 385 19

200 574 601 670 temperare
665 569 865 645 vires
941 563 1170 657 suaS‚
1224 571 1305 646 δε
1375 548 1469 646 ad
1535 564 2016 650 intellectum
2082 569 2458 654 audientis
2487 583 2717 658 CArz‘
2769 560 2880 652 ΙΙ.ι
2995 670 3012 680 ·

194 676 640 757 delcendere.
742 684 953 757 Nam
979 701 1068 758 ut
1103 622 1396 760 v'ascula
1430 682 1584 758 oris
1617 683 1955 788 angusti,
1991 683 2458 791 superfusam

193 790 508 871 humoris
572 794 881 917 copiam
935 791 1352 897 respuunt3
1419 788 1689 870 sensim
1747 817 2011 876 autem
2073 795 2461 876 influenti-

194 904 360 994 bus,
420 905 547 986 vel
618 908 855 984 etiam
925 904 1297 984 instillatis
1369 904 1920 1010 complentur.
2016 906 2117 989 fic
2219 911 2458 988 animi

191 1042 583 1120 puerorum
618 1039 996 1124 quantum
1049 1021 1402 1123 excipere
1444 1013 1728 1123 possint
1762 1075 1786 1109 ‚
1848 1018 2276 1102 videndum
2323 1020 2450 1100 est.

192 1134 369 1207 Nam
426 1133 723 1231 majora
811 1127 1206 1208 intellectu
1244 1186 1267 1220 ‚
1362 1128 1576 1209 velut
1640 1158 1916 1235 parum
1978 1154 2283 1239 apertos
2357 1132 2454 1212 ad

193 1240 747 1347 percipiendum
802 1246 1100 1322 animos
1152 1256 1310 1320 'non
1346 1240 1721 1332 subibunt.
1822 1243 2028 1325 Utile
2070 1248 2303 1352 igitur
2341 1245 2452 1323 est

194 1354 443 1432 habere
484 1382 678 1461 quos
724 1357 1010 1433 imitari
1061 1358 1406 1459 primum
1430 1409 1451 1442 ‚
1517 1382 1707 1433 mox
1759 1358 2068 1436 vincere
2102 1357 2308 1437 velis.
2345 1358 2451 1435 ita

196 1466 533 1569 paulatim
584 1472 662 1546 &
717 1464 1197 1573 superiorum
1234 1466 1396 1573 spes
1447 1470 1613 1546 erit.
1691 1470 1858 1553 ‚His
1901 1466 2214 1569 adjicio,
2258 1496 2451 1574 prae-

197 1601 514 1681 ceptores
542 1577 742 1684 ipsos
774 1606 936 1659 non
968 1578 1179 1658 idem
1223 1581 1503 1656 mentis
1550 1606 1639 1658 ac
1672 1577 1974 1683 spiritus
2007 1581 2087 1657 in
2117 1577 2450 1659 dicendo

191 1689 372 1795 polle
433 1693 839 1798 concipere
902 1689 1211 1797 singulis
1261 1711 1565 1769 tantum
1638 1689 2182 1796 praesentibus,
2234 1689 2451 1799 quod

191 1801 296 1880 illa
325 1803 761 1883 celebritate
816 1802 1294 1883 audientium
1336 1802 1744 1882 instinstos,
1844 1805 2189 1883 Maxima
2238 1804 2452 1882 enim

197 1940 335 2018 pars
392 1915 873 2044 eloquentia:
923 1915 1219 1995 constat
1264 1919 1548 1994 animo.
1613 1914 1820 1993 hunc
1899 1913 2164 2006 adfici,
2242 1914 2448 1994 hunc

191 2029 562 2133 concipere
646 2032 1015 2134 imagines
1095 2054 1431 2117 rerum,
1494 2032 1571 2107 ὅ(
1651 2027 2179 2106 transformari
2259 2054 2456 2134 quo-

188 2135 582 2220 dammodo
632 2138 731 2221 ad
787 2162 1144 2220 naturam
1200 2165 1475 2218 eorum
1523 2136 1620 2217 de
1671 2139 1944 2244 quibus
1995 2141 2397 2246 loquimur
2428 2193 2452 2231 ,

185 2250 444 2329 necesse
498 2252 629 2332 est.
722 2258 787 2333 Is
835 2280 1076 2357 porro
1122 2277 1285 2358 quo
1329 2249 1770 2357 generofior
1819 2249 2240 2359 celsiorque
2304 2251 2452 2345 est,

189 2359 328 2439 hoc
368 2366 765 2464 majoribus
818 2362 1035 2444 velut
1081 2366 1386 2469 organis
1450 2385 2050 2443 commovetur:
2117 2362 2451 2470 ideoque

188 2476 262 2550 δε
296 2470 506 2554 laude
552 2474 864 2567 crescit,
928 2479 1006 2555 ὃ(
1044 2477 1344 2581 impetu
1373 2495 1739 2582 augetur,
1777 2478 1856 2554 ὅ(
1933 2472 2225 2582 aliquid
2289 2503 2454 2552 ma-

185 2612 400 2710 gnum
445 2616 667 2696 agere
728 2586 1034 2714 gaudet.
1123 2586 1250 2667 Est
1281 2586 1638 2698 quaedam
1695 2591 1923 2668 tacita
1962 2587 2450 2694 dedignatiO,

187 2701 323 2777 vim
353 2698 654 2781 dicendi
686 2704 912 2781 tantis
963 2707 1493 2808 comparatam
1543 2698 1991 2790 laboribus,
2058 2699 2164 2779 ad
2204 2727 2452 2781 unum

195 2810 581 2899 auditorem
644 2812 1087 2892 dimittere:
1189 2811 1431 2937 pudet
1501 2809 1745 2938 supra
1767 2812 2104 2892 modum
2163 2813 2456 2892 sermo-

192 2922 287 2999 nis
318 2927 569 3004 attolli.
676 2930 770 3003 Et
820 2924 994 3003 sane
1039 2927 1424 3051 concipiat
1480 2927 1650 3031 quis
1702 2949 1969 3007 mente
2031 2921 2157 3005 vel
2202 2921 2456 3003 decla-

188 3040 422 3116 mantis
460 3038 822 3117 habitum
852 3092 875 3128 ‚
940 3032 1075 3117 vel
1099 3040 1391 3117 orantis
1439 3063 1720 3116 vocem
1758 3092 1781 3127 ,
1847 3034 2253 3125 incessum,
2268 3064 2457 3143 pro-

192 3154 709 3229 nuntiationem
733 3206 756 3240 ,
805 3147 1033 3229 illum
1064 3147 1396 3256 denique
1450 3152 1689 3227 animi
1744 3154 1822 3227 δε
1871 3153 2221 3255 corporis
2277 3176 2451 3228 mo-

192 3278 367 3351 mm,
395 3260 796 3352 sudorem,
853 3283 946 3340 ut
999 3259 1143 3340 alia
1185 3282 1683 3367 praeteream,
1741 3263 1819 3337 δ(
1871 3262 2451 3364 fatigationem,

193 3370 499 3450 audiente
567 3386 788 3452 uno·
770 3434 792 3467 ‚
882 3400 1141 3452 nonne
1217 3369 1591 3479 quiddam
1659 3374 1821 3477 pati
1883 3373 2129 3451 furori
2200 3369 2448 3449 simile

196 3479 548 3565 videatur?
615 3493 810 3565 Non
865 3484 1046 3564 esset
1118 3488 1199 3563 in
1253 3484 1478 3563 rebus
1531 3484 1890 3566 humanis
1942 3467 2384 3592 eloquentia
2414 3536 2447 3574 ,

200 3586 246 3666 fi
278 3615 540 3678 mutum
594 3625 789 3678 cum
839 3595 1149 3704 fingulss
1188 3596 1739 3705 loqueremur.

372 3875 947 3959 TRADITO
1041 3875 1176 3957 sibi
1228 3904 1477 3983 puero
1512 3929 1538 3966 ,
1601 3872 1935 3956 docendi
1990 3877 2282 3979 peritus
2336 3874 2698 3954 in-Cm».
2750 3873 2887 3948 ΙΠ,·

168 3987 449 4091 genium
523 3996 701 4098 ejus
761 3992 1147 4098 inprimis
1154 4037 1211 4084 ‚
1256 4012 1767 4205 ηαὲιιέαωςυε
1830 3985 2454 4206 Ρατΐρὶοίαιδεῐὲξ
