3557 5113
577 202 580 207 ’
701 205 907 369 ζ34
1337 222 1481 328 Μ.
1579 224 1954 326 FAssri
2064 220 3044 355 chnmam

681 512 992 628 'Canus
1041 540 1340 618 tionem
1399 539 1740 616 maxime
1831 529 2297 643 exquisitum
2346 531 2475 611 est.
2605 539 2969 638 Qorum
3031 535 3338 619 tametsi

1043 675 1462 757 utrumque
1506 650 1875 731 convenit
1910 648 2245 727 orationi
2270 701 2293 736 ,
2322 668 2581 725 tamen
2608 647 2836 749 possis
2869 648 3061 729 illud
3076 677 3342 758 gram-

959 790 974 797 ·
1045 769 1466 853 maticum,
1501 762 1654 841 hoc
1693 760 2172 840 rhetoricum
2208 761 2453 865 magis
2490 756 2766 840 dicere.
2846 763 3052 841 Prius
3083 763 3178 844 fit
3223 762 3341 843 iis-

1045 868 1232 959 dem
1265 874 1670 983 generibus
1694 930 1717 964 ,
1780 874 2056 982 quibus
2095 873 2301 951 vitia.
2375 868 2570 950 Esset
2600 876 2815 952 enim
2846 901 3086 955 omne
3130 877 3344 956 sche-

1046 1017 1178 1071 ma
1218 990 1501 1070 vitium
1527 1042 1550 1077 ,
1615 984 1673 1065 fi
1702 1012 1867 1066 non
1905 1002 2340 1091 peteretur,
2386 981 2514 1062 sed
2535 983 2935 1065 accideret.
3036 993 3345 1070 Verum

1043 1102 1497 1185 anaoritate
1535 1154 1561 1190 ‚
1625 1099 2000 1178 vetustate
2040 1151 2063 1187 ,
2113 1093 2666 1177 consuetudine
2707 1096 3169 1208 plerumque
3212 1103 3346 1182 de-

1040 1204 1423 1297 fenditur,
1459 1209 1650 1318 saepe
1691 1215 1921 1291 etiam
1956 1212 2250 1290 ratione
2318 1205 2675 1315 quadam.
2761 1210 3107 1320 Ideoque
3163 1243 3340 1295 cum

1037 1325 1131 1411 fit
1171 1355 1215 1407 a
1255 1324 1584 1430 simplici
1613 1327 1975 1434 restoque
2016 1320 2389 1429 loquendi
2411 1345 2694 1424 genere
2737 1320 3066 1411 deflexa,
3108 1336 3343 1408 virtus

1027 1440 1184 1528 est,
1223 1438 1281 1520 s1
1319 1437 1598 1518 habeat
1643 1433 2041 1543 probabile
2079 1430 2383 1549 aliquid‘
2405 1433 2619 1538 quod
2650 1433 3034 1541 sequatur.
3174 1445 3341 1522 Una

1045 1574 1314 1636 tamen
1341 1556 1424 1630 in
1461 1578 1543 1630 re
1574 1552 1915 1627 maxime
1967 1546 2171 1626 utilis
2216 1600 2239 1635 ,
2302 1565 2384 1623 ut
2449 1546 2876 1651 quotidiani
2916 1555 2994 1630 δι
3044 1551 3340 1660 semper

1046 1664 1334 1749 eodem
1370 1658 1615 1742 modo
1647 1658 1965 1740 formati
1995 1658 2367 1738 sermonis
2401 1655 2610 1739 levet
2651 1659 3065 1749 fastidium,
3092 1671 3170 1746 δ(
3203 1692 3340 1745 nos

1045 1794 1093 1860 a
1126 1777 1426 1884 vulgari
1469 1772 1776 1855 dicendi
1818 1799 2103 1878 genere
2143 1768 2526 1848 defendat.
2673 1777 2855 1873 Qo
2892 1773 2949 1854 si
2976 1781 3148 1884 quis
3159 1807 3334 1884 par-

1046 1918 1179 1977 ce,
1246 1894 1325 1969 &
1367 1913 1550 1967 cum
1590 1914 1709 1966 res
1744 1884 2003 1992 poscet
2034 1904 2334 1967 utetur,
2400 1881 2611 1963 velut
2654 1885 2951 1990 asperso
2988 1888 3327 1996 quodam

1047 1999 1584 2089 condimento,
1621 1994 2028 2101 jucundior
2067 1998 2216 2075 erit
2270 2025 2286 2068 ε
2348 2014 2425 2074 at
2468 1998 2600 2102 qui
2651 2002 2986 2079 nimium
3043 1999 3328 2081 affesta·

1050 2115 1298 2205 verit,
1343 2108 1586 2219 ipsam
1630 2108 1842 2190 illam
1878 2111 2206 2215 gratiam
2267 2111 2655 2192 varietatis
2713 2114 3037 2191 amittet.
3102 2140 3338 2221 quan·

1047 2254 1289 2338 quam
1330 2223 1501 2307 sunt
1544 2220 1901 2332 quaedam
1947 2220 2209 2410 fiffurae
2239 2223 2343 2300 ita
2386 2244 2715 2327 receptae
2760 2278 2786 2313 ‚
2825 2247 2909 2304 ut
2935 2252 3141 2330 pene
3182 2231 3346 2327 jam

1045 2342 1201 2423 hoe
1290 2335 1542 2446 ipsum
1616 2363 1914 2415 nomen
1950 2362 1991 2412 e
2059 2336 2360 2438 ugerint
2418 2369 2441 2409 .·
2486 2354 2657 2442 quae
2703 2335 2991 2417 etiamsi
3046 2338 3344 2421 fuerint

1055 2450 1504 2534 crebriores,
1539 2448 1933 2528 consuetas
1980 2464 2196 2524 aures
2262 2448 2516 2525 minus
2559 2446 2856 2527 ferient.
2963 2455 3180 2529 Nam
3244 2451 3343 2532 se·

1049 2582 1322 2651 cretae,
1351 2569 1428 2644 δε
1475 2586 1693 2643 extra
1717 2558 2116 2672 vulgarem
2150 2554 2374 2657 usum
2409 2556 2690 2664 positae,
2722 2559 3051 2670 ideoque
3090 2572 3352 2672 magis

1053 2677 1378 2767 nobiles,
1425 2697 1508 2753 ut
1557 2677 1900 2754 novitate
1937 2698 2204 2750 aurem
2242 2676 2603 2755 excitant,
2643 2674 2742 2752 ita
2777 2682 2999 2780 eopia
3024 2674 3349 2758 satiant.-

1056 2817 1198 2870 nec
1243 2786 1308 2865 se
1336 2787 1599 2866 obvias
1635 2783 1846 2864 fuisse
1873 2782 2179 2872 dicenti,
2205 2782 2839 2892 sed‘conqu'ifitaS,
2860 2791 2939 2867 &
2961 2815 3059 2867 ex
3075 2796 3346 2871 omni·

1051 2904 1191 2983 bus
1249 2900 1557 2979 latebris
1614 2897 1985 2977 extraQaS
2036 2895 2579 3006 congestasque
2641 2897 3052 2980 declarant.
3110 2907 3351 2985 Fiunt

1046 3041 1239 3121 ergo
1295 3017 1375 3093 &
1431 3013 1632 3091 circa
1688 3037 1931 3117 genus
1986 3006 2250 3115 figurae
2301 3013 2381 3090 in
2427 3011 2894 3092 nominibus⁴
3002 3018 3227 3096 Nam
3240 3024 3356 3109 ᾗ(

1050 3130 1274 3208 oculis
1321 3133 1513 3235 capti
1543 3126 1760 3235 talpae,
1798 3126 1900 3207 δε,
1938 3117 2188 3203 timidi
2235 3122 2451 3203 damae
2491 3123 2853 3204 dicuntur
2876 3153 2918 3205 a
2958 3129 3308 3233 Virgilio
3326 3163 3349 3209 .·

1031 3238 1174 3318 'led
1215 3235 1458 3318 subest
1494 3242 1716 3328 rati0,
1755 3236 1934 3344 ‘quia
1982 3232 2197 3313 sexus
2232 3256 2551 3345 uterque
2581 3235 2828 3316 altero
2846 3229 3345 3344 significatur.

1041 3349 1251 3429 Tam
1281 3353 1497 3429 enim
1540 3376 1790 3428 mares
1828 3345 1972 3426 esse
2021 3343 2261 3453 talpas
2297 3345 2705 3456 damasque
2765 3375 3000 3462 qnam
3078 3352 3351 3436 foemi-

1041 3481 1185 3543 'nas
1218 3484 1523 3542 certum
1556 3460 1682 3542 est.
1774 3465 1867 3539 Et
1899 3462 1983 3554 in
2017 3457 2272 3541 verbis
2311 3496 2335 3540 .·
2374 3483 2456 3541 ut
2479 3495 2503 3552 ,·
2527 3459 2938 3543 fabricatus
2975 3464 3071 3568 ss
3087 3469 3351 3573 gladi-

1049 3605 1174 3656 um
1206 3609 1230 3653 .-
1275 3579 1379 3670 &3
1424 3581 1758 3656 Inimicus
1773 3579 2086 3686 punitus
2111 3573 2216 3678 ss.
2301 3571 2539 3674 Qod
2582 3579 2875 3655 mirum
2897 3580 3159 3656 minus
3214 3582 3358 3676 est,

1049 3686 1271 3794 quod
1307 3691 1392 3767 in
1424 3708 1697 3768 natura
1733 3683 2157 3768 verborum
2194 3683 2327 3779 est,
2362 3691 2443 3768 &
2477 3712 2646 3795 quae
2683 3686 3005 3768 facimus
3038 3697 3355 3795 patien-

1054 3797 1140 3878 di
1167 3796 1414 3878 modo
1444 3799 1636 3907 saepe
1656 3797 1948 3879 dicere:
1973 3821 2058 3879 ut
2072 3833 2097 3889 ,-
2117 3795 2453 3892 arbitror,
2460 3799 2776 3911 sicspicor
2795 3832 2812 3880 ε
2832 3806 2913 3882 ὅ(
2934 3826 3221 3885 contra
3244 3806 3356 3889 fa.

1061 3908 1316 3991 ciendi
1335 3931 1506 4020 quae
1527 3915 1909 4019 patimur:
1946 3931 2056 4002 ut,·
2080 3916 2371 4023 vapulo:
2410 3910 2743 4022 ideoque
2778 3912 3143 4025 frequens
3166 3948 3359 4024 per·

1054 4025 1388 4129 mutatio
1442 4024 1553 4109 est
1571 4045 1612 4101 ⁴:
1686 4030 1764 4124 ὃς
1806 4022 2181 4134 ‘pleraque
2220 4047 2549 4134 utroque
2598 4024 2845 4109 modo
2880 4027 3349 4111 efferuntur.-

2036 4169 2057 4180 “
3109 4144 3341 4223 luxu-
