3557 5113
314 246 547 417 De
566 246 1020 453 Institt
1046 190 1781 426 :Oratorim
1813 247 2112 412 Lib.
2132 250 2141 259 ’
2165 258 2348 418 V.
2572 256 2823 427 255·

203 584 525 690 quentior
560 602 839 659 eorum
885 579 1351 687 poenitentia
1390 576 1547 674 est,
1603 576 1683 665 &
1715 560 2178 693 promissum
2218 582 2466 701 suspe-
2487 554 2673 689 (αἰαὶ.
2710 574 2890 689 W?

205 694 357 773 &ius
376 728 397 787 ;
457 698 532 773 ὅ(
570 691 627 771 fi
664 690 1364 799 perseveraverint,
1404 696 1901 803 reprehensio
1935 701 2255 785 facilior.
2310 712 2466 788 -Eo-

203 833 351 883 rum
387 832 572 885 vero
611 804 886 912 quibus
927 801 1477 898 denunciatur,
1541 835 1715 913 pars
1769 810 2083 893 testium
2139 816 2248 896 est
2293 845 2465 931 quae

203 940 390 996 reum
425 912 701 995 laedere
751 914 989 1005 velit,
1048 945 1221 1024 pars
1280 945 1448 1027 quae
1502 920 1718 1001 nolit.
1867 921 2103 1033 quue
2148 931 2465 1012 interim

195 1028 310 1107 scit
338 1028 782 1129 accusator„
822 1030 1134 1108 interim
1187 1029 1441 1109 nescit.
1494 1029 1896 1138 Fingamus
1939 1037 2019 1115 in
2063 1039 2457 1143 praesentia‘

203 1138 374 1220 scire.
439 1142 519 1218 in
556 1161 892 1247 utroque
936 1144 1150 1221 enim
1201 1168 1485 1247 genere
1524 1141 1849 1223 summis'
1886 1149 2181 1230 artibus'
2219 1154 2459 1233 inter-

205 1252 501 1358 rogantis
552 1278 748 1358 opus
799 1244 928 1330 est.
1086 1258 1298 1332 Nam
1339 1250 1393 1331 ss
1462 1249 1691 1334 habet
1758 1256 2032 1337 testem
2087 1262 2457 1367 cupidum

197 1357 522 1447 laedendi‚
580 1390 850 1444 cavere
903 1360 1135 1442 debet
1176 1365 1328 1444 hoc
1365 1363 1655 1469 ipsum,
1720 1390 1829 1472 ne
1877 1366 2250 1476 cupiditas
2294 1379 2454 1475 ejus

199 1497 556 1580 appareat:
629 1502 773 1553 nec
809 1469 1216 1575 statimde
1255 1503 1352 1555 eo
1391 1474 1607 1583 quod
1651 1479 1733 1555 in
1771 1476 2148 1578 judicium
2192 1489 2455 1576 venit,

190 1612 472 1692 rogare,
534 1585 665 1665 sed
716 1583 976 1693 aliquo
1032 1586 1356 1667 circuitu
1410 1585 1509 1666 ad
1562 1584 1643 1668 id
1701 1595 2153 1695 pervenire,
2213 1616 2301 1675 ut
2345 1594 2461 1677 illi

197 1696 379 1805 quod
447 1701 793 1777 maxime
870 1694 1126 1778 dicere
1210 1696 1458 1780 voluit
1489 1753 1515 1791 ‚
1591 1698 1944 1783 videatur
2001 1704 2459 1811 expressum.

194 1809 334 1889 Nec
365 1814 695 1889 nimium
722 1807 997 1889 instare
1038 1813 1658 1917 interrogationi,
1719 1839 1823 1891 ne
1873 1806 1972 1892 ad
2023 1816 2290 1896 omnia
2340 1847 2461 1898 re-

195 1916 609 2026 spondendo
659 1920 861 2002 testis
903 1920 1145 2000 fidem
1190 1922 1403 2002 suam
1436 1926 1773 2003 minuat:
1866 1923 1997 2005 sed
2037 1930 2121 2005 in
2148 1924 2457 2010 tantum

191 2059 469 2114 evocare
510 2061 737 2117 eum,
795 2054 1176 2141 quantum
1228 2027 1526 2114 sumere
1569 2056 1666 2116 ex
1698 2062 1859 2115 uno
1909 2035 2076 2117 satis
2123 2038 2233 2120 fit.
2348 2046 2462 2121 At

188 2146 258 2223 in
288 2175 374 2225 eo
409 2150 540 2254 qui
597 2173 880 2229 verum
921 2144 1206 2229 invitus
1247 2142 1584 2226 diCturus
1618 2144 1769 2236 est,
1821 2151 2075 2253 prima
2135 2149 2460 2232 felicitas

190 2254 704 2365 interrogantis
747 2252 856 2337 est
895 2276 1363 2366 extorquere
1398 2252 1611 2365 quod
1647 2266 1712 2338 is
1762 2254 2119 2339 noluerit.
2275 2266 2454 2341 Hoc

189 2392 321 2448 non
350 2371 496 2451 alio
556 2361 810 2449 modo
879 2367 1050 2449 fieri
1104 2367 1360 2475 potest
1387 2424 1412 2459 ,
1482 2386 1721 2476 quam
1769 2366 2077 2476 longius
2131 2373 2458 2451 interro·

187 2485 458 2586 gatione
493 2485 846 2590 repetita.
935 2478 1464 2589 Respondebit
1501 2483 1717 2561 enim
1754 2508 1927 2590 quae
1964 2506 2250 2563 nocere
2289 2502 2458 2566 cana

186 2592 263 2671 sae
310 2620 459 2675 non
518 2588 1020 2676 arbitrabitur
1056 2625 1072 2672 :
1170 2619 1267 2672 ex
1315 2590 1670 2701 ‚pluribus
1727 2587 2010 2675 deinde
2055 2617 2224 2703 quae
2267 2623 2456 2677 con-

187 2700 369 2788 feffus
407 2712 599 2799 erit,
663 2735 761 2787 eo
796 2702 1310 2812 perducetur,
1371 2727 1458 2785 ut
1495 2702 1711 2812 quod
1748 2697 2007 2786 dicere
2038 2727 2204 2786 non
2242 2710 2456 2799 vult,

185 2838 422 2926 negare
453 2848 622 2900 non
663 2812 912 2925 possit.
1026 2823 1237 2897 Nam
1278 2833 1363 2897 ut
1424 2819 1506 2896 in
1547 2820 1904 2926 oratione
1925 2871 1950 2902 ,
2013 2817 2257 2924 sparsa
2287 2819 2453 2924 ple»

183 2953 469 3041 rumque
509 2925 958 3037 colligimus
1007 2951 1506 3036 argumenta,
1570 2948 1740 3036 quae
1791 2949 1933 3036 per
1982 2927 2056 3009 se
2101 2929 2296 3010 nihil
2330 2953 2451 3011 re·-

183 3061 293 3121 um
337 3072 747 3154 aggravare
803 3037 1208 3126 videantur
1246 3096 1271 3134 ,
1335 3042 1941 3146 congregatione
1984 3039 2268 3122 deinde
2322 3065 2447 3124 eo-

182 3175 330 3233 rum
374 3155 666 3239 fastum
711 3153 1281 3239 convincimus:
1376 3156 1481 3230 ita
1523 3150 1967 3254 hujusmodi
2010 3151 2215 3232 testis
2254 3155 2450 3233 mul-

183 3281 245 3366 ta
271 3265 353 3346 de
390 3267 802 3360 anteaflis,
862 3262 1105 3348 multa
1159 3259 1257 3344 de
1309 3262 1704 3353 insecutis»,
1758 3260 1983 3353 loco,
2040 3283 2445 3370 tempore,

181 3378 451 3477 persona
471 3439 495 3474 ,
541 3383 847 3463 caeteris
882 3435 905 3471 ,
961 3370 1070 3457 est
1134 3373 1762 3481 interrogandus,
1818 3390 1903 3453 ut
1976 3377 2059 3453 in
2130 3370 2450 3484 aliquod

185 3486 584 3592 responsum
624 3489 958 3592 incidat,
998 3490 1169 3596 post
1200 3485 1416 3602 quod
1475 3485 1591 3582 illi
1630 3486 1756 3570 vel
1822 3475 2040 3565 fateri
2103 3514 2273 3595 quae
2309 3508 2449 3571 vo..-

191 3592 399 3684 lumus
449 3599 758 3688 necesse
819 3604 907 3684 fit
940 3661 964 3690 ,
1018 3602 1147 3684 vel
1202 3604 1290 3680 iis
1349 3627 1517 3710 quae
1576 3602 1736 3701 jam
1802 3587 2100 3677 dixerat
2133 3655 2157 3690 ‚
2222 3617 2450 3708 repu7³

190 3733 399 3811 gnare.
480 3719 570 3800 ld
615 3712 684 3799 fi
740 3744 901 3806 non
974 3711 1237 3794 contin
1292 3707 1392 3804 it,
1458 3702 1850 3818 reliquum
1894 3714 2062 3817 *erit
2116 3705 2213 3792 ut*
2263 3721 2451 3793 eum

185 3820 361 3905 nolle
392 3826 658 3912 dicere
706 3825 1200 3909 manifestum
1262 3848 1362 3905 ite
1429 3820 2138 3931 protrahendusque
2162 3878 2186 3914 ‚
2243 3843 2327 3905 ut
2366 3829 2448 3904 in‘

176 3931 398 4044 aliquo
443 3925 676 4054 quod
735 3937 866 4024 vel
916 3958 1133 4020 extra
1205 3933 1505 4030 causam
1573 3931 1725 4029 sit‚'
1796 3924 2444 4060 deprehendat‘ur{

170 4041 544 4143 Tenendus
580 4054 830 4142 etiam
866 4045 1187 4144 diutius,
1209 4049 1292 4131 ut
1321 4051 1611 4135 ‘omnia
1653 4068 1738 4136 ae
1777 4048 1998 4159 plura
2038 4057 2277 4163 q'ua‘m
2321 4067 2446 4125 res

1342 4160 1468 4266 ἑοὶ.
2249 4153 2450 4268 defi:
