<?xml version="1.0" encoding="UTF-8"?>
<!DOCTYPE html PUBLIC "-//W3C//DTD XHTML 1.0 Transitional//EN"
    "http://www.w3.org/TR/xhtml1/DTD/xhtml1-transitional.dtd">
<html xmlns="http://www.w3.org/1999/xhtml" xml:lang="en" lang="en">
 <head>
  <title>
</title>
<meta http-equiv="Content-Type" content="text/html;charset=utf-8" />
  <meta name='ocr-system' content='tesseract 3.04.00' />
  <meta name='ocr-capabilities' content='ocr_page ocr_carea ocr_par ocr_line ocrx_word'/>
</head>
<body>
  <div class='ocr_page' id='page_1' title='image "./deinstitutioneo00obregoog_0420.png"; bbox 0 0 3557 5113; ppageno 0'>
   <div class='ocr_carea' id='block_1_1' title="bbox 746 240 3128 400">
    <p class='ocr_par' dir='ltr' id='par_1_1' title="bbox 746 240 3128 400">
     <span class='ocr_line' id='line_1_1' title="bbox 746 240 3128 400; baseline -0.002 -43"><span class='ocrx_word' id='word_1_1' title='bbox 746 254 999 400; x_wconf 77' lang='lat'>276</span> <span class='ocrx_word' id='word_1_2' title='bbox 1341 243 1494 393; x_wconf 97' lang='lat' dir='ltr'>M</span> <span class='ocrx_word' id='word_1_3' title='bbox 1583 246 1963 364; x_wconf 62' lang='lat' dir='ltr'>Fun</span> <span class='ocrx_word' id='word_1_4' title='bbox 2107 240 3128 388; x_wconf 59' lang='lat' dir='ltr'>chtthu)</span> 
     </span>
    </p>
   </div>
   <div class='ocr_carea' id='block_1_2' title="bbox 683 526 3401 4179">
    <p class='ocr_par' dir='ltr' id='par_1_2' title="bbox 683 526 3401 4179">
     <span class='ocr_line' id='line_1_2' title="bbox 683 526 3368 646; baseline -0.004 -18"><span class='ocrx_word' id='word_1_5' title='bbox 683 545 882 638; x_wconf 65' lang='grc'>041,</span> <span class='ocrx_word' id='word_1_6' title='bbox 962 545 1068 641; x_wconf 74' lang='grc' dir='ltr'>Χ.</span> <span class='ocrx_word' id='word_1_7' title='bbox 1089 535 1500 646; x_wconf 83' lang='lat' dir='ltr'>vulgatum</span> <span class='ocrx_word' id='word_1_8' title='bbox 1523 532 1653 616; x_wconf 85' lang='lat' dir='ltr'>fit:</span> <span class='ocrx_word' id='word_1_9' title='bbox 1696 529 1903 621; x_wconf 87' lang='lat' dir='ltr'>unde</span> <span class='ocrx_word' id='word_1_10' title='bbox 1923 526 2294 636; x_wconf 83' lang='lat' dir='ltr'>Virgilius</span> <span class='ocrx_word' id='word_1_11' title='bbox 2314 588 2334 615; x_wconf 85' lang='lat'>‚</span> <span class='ocrx_word' id='word_1_12' title='bbox 2361 544 2867 644; x_wconf 81' lang='lat' dir='ltr'><em>Argumentum</em></span> <span class='ocrx_word' id='word_1_13' title='bbox 2907 544 3160 646; x_wconf 77' lang='lat' dir='ltr'>ingens</span> <span class='ocrx_word' id='word_1_14' title='bbox 3181 570 3202 612; x_wconf 94' lang='grc'>.·</span> <span class='ocrx_word' id='word_1_15' title='bbox 3223 535 3368 617; x_wconf 72' lang='lat' dir='ltr'>vul-</span> 
     </span>
     <span class='ocr_line' id='line_1_3' title="bbox 753 635 3371 766; baseline -0.001 -37"><span class='ocrx_word' id='word_1_16' title='bbox 753 668 758 671; x_wconf 80' lang='grc'><strong><em>·</em></strong></span> <span class='ocrx_word' id='word_1_17' title='bbox 883 638 912 671; x_wconf 57' lang='lat'>⁴</span> <span class='ocrx_word' id='word_1_18' title='bbox 1093 678 1356 766; x_wconf 83' lang='lat' dir='ltr'>goque</span> <span class='ocrx_word' id='word_1_19' title='bbox 1406 635 1650 761; x_wconf 55' lang='lat' dir='ltr'>paulo‘</span> <span class='ocrx_word' id='word_1_20' title='bbox 1704 643 2184 727; x_wconf 86' lang='lat' dir='ltr'>numerofius</span> <span class='ocrx_word' id='word_1_21' title='bbox 2238 656 2433 751; x_wconf 85' lang='lat' dir='ltr'>opus&#39;</span> <span class='ocrx_word' id='word_1_22' title='bbox 2486 644 2765 728; x_wconf 84' lang='lat' dir='ltr'>dicitur</span> <span class='ocrx_word' id='word_1_23' title='bbox 2818 649 3371 760; x_wconf 70' lang='lat' dir='ltr'>argumentcfim.</span> 
     </span>
     <span class='ocr_line' id='line_1_4' title="bbox 1093 754 3374 868; baseline -0 -28"><span class='ocrx_word' id='word_1_24' title='bbox 1093 760 1244 843; x_wconf 83' lang='lat' dir='ltr'>Sed</span> <span class='ocrx_word' id='word_1_25' title='bbox 1279 788 1485 846; x_wconf 81' lang='lat' dir='ltr'>nunc</span> <span class='ocrx_word' id='word_1_26' title='bbox 1526 759 1625 846; x_wconf 78' lang='lat' dir='ltr'>de</span> <span class='ocrx_word' id='word_1_27' title='bbox 1678 787 1776 839; x_wconf 88' lang='lat' dir='ltr'>eo</span> <span class='ocrx_word' id='word_1_28' title='bbox 1821 754 2238 835; x_wconf 85' lang='lat' dir='ltr'>dicendum</span> <span class='ocrx_word' id='word_1_29' title='bbox 2284 783 2742 866; x_wconf 85' lang='lat' dir='ltr'>argumento</span> <span class='ocrx_word' id='word_1_30' title='bbox 2776 759 2926 850; x_wconf 82' lang='lat' dir='ltr'>cst,</span> <span class='ocrx_word' id='word_1_31' title='bbox 2961 757 3177 868; x_wconf 89' lang='lat' dir='ltr'>quod</span> <span class='ocrx_word' id='word_1_32' title='bbox 3216 785 3374 866; x_wconf 53' lang='lat' dir='ltr'>prog</span> 
     </span>
     <span class='ocr_line' id='line_1_5' title="bbox 1089 867 3366 979; baseline -0 -27"><span class='ocrx_word' id='word_1_33' title='bbox 1089 876 1539 963; x_wconf 77' lang='lat' dir='ltr'>bationem‘,</span> <span class='ocrx_word' id='word_1_34' title='bbox 1577 868 1951 953; x_wconf 85' lang='lat' dir='ltr'>indicium</span> <span class='ocrx_word' id='word_1_35' title='bbox 1975 923 1996 957; x_wconf 88' lang='lat'>‚</span> <span class='ocrx_word' id='word_1_36' title='bbox 2031 867 2427 950; x_wconf 84' lang='lat' dir='ltr'>rationum</span> <span class='ocrx_word' id='word_1_37' title='bbox 2471 868 2712 951; x_wconf 82' lang='lat' dir='ltr'>fidem</span> <span class='ocrx_word' id='word_1_38' title='bbox 2732 928 2755 955; x_wconf 90' lang='lat'><em>,</em></span> <span class='ocrx_word' id='word_1_39' title='bbox 2778 869 3366 979; x_wconf 73' lang='lat' dir='ltr'>aggressionem,</span> 
     </span>
     <span class='ocr_line' id='line_1_6' title="bbox 1094 977 3373 1089; baseline 0 -26"><span class='ocrx_word' id='word_1_40' title='bbox 1094 983 1431 1087; x_wconf 82' lang='lat' dir='ltr'>ejusdem</span> <span class='ocrx_word' id='word_1_41' title='bbox 1494 986 1608 1066; x_wconf 86' lang='lat' dir='ltr'>rei</span> <span class='ocrx_word' id='word_1_42' title='bbox 1648 984 2010 1069; x_wconf 82' lang='lat' dir='ltr'>nomina,</span> <span class='ocrx_word' id='word_1_43' title='bbox 2066 977 2327 1059; x_wconf 81' lang='lat' dir='ltr'>Celsus</span> <span class='ocrx_word' id='word_1_44' title='bbox 2376 980 2558 1063; x_wconf 85' lang='lat' dir='ltr'>facit</span> <span class='ocrx_word' id='word_1_45' title='bbox 2580 1038 2608 1075; x_wconf 80' lang='lat'>‚</span> <span class='ocrx_word' id='word_1_46' title='bbox 2660 1010 2939 1089; x_wconf 88' lang='lat' dir='ltr'>parum</span> <span class='ocrx_word' id='word_1_47' title='bbox 3002 980 3373 1064; x_wconf 69' lang='lat' dir='ltr'>distinere.</span> 
     </span>
     <span class='ocr_line' id='line_1_7' title="bbox 1089 1090 3375 1201; baseline -0.002 -24"><span class='ocrx_word' id='word_1_48' title='bbox 1089 1118 1180 1184; x_wconf 81' lang='lat' dir='ltr'>ut</span> <span class='ocrx_word' id='word_1_49' title='bbox 1227 1096 1578 1176; x_wconf 85' lang='lat' dir='ltr'>arbitror.</span> <span class='ocrx_word' id='word_1_50' title='bbox 1670 1099 1882 1175; x_wconf 87' lang='lat' dir='ltr'>Nam</span> <span class='ocrx_word' id='word_1_51' title='bbox 1918 1090 2276 1201; x_wconf 89' lang='lat' dir='ltr'>probatio</span> <span class='ocrx_word' id='word_1_52' title='bbox 2313 1097 2391 1172; x_wconf 89' lang='lat'>&amp;</span> <span class='ocrx_word' id='word_1_53' title='bbox 2422 1092 2614 1176; x_wconf 85' lang='lat' dir='ltr'>fides</span> <span class='ocrx_word' id='word_1_54' title='bbox 2651 1095 2986 1174; x_wconf 85' lang='lat' dir='ltr'>efficitur</span> <span class='ocrx_word' id='word_1_55' title='bbox 3024 1121 3187 1175; x_wconf 89' lang='lat' dir='ltr'>non</span> <span class='ocrx_word' id='word_1_56' title='bbox 3231 1116 3375 1173; x_wconf 84' lang='lat' dir='ltr'>tan-</span> 
     </span>
     <span class='ocr_line' id='line_1_8' title="bbox 1090 1203 3376 1317; baseline -0 -32"><span class='ocrx_word' id='word_1_57' title='bbox 1090 1231 1263 1286; x_wconf 88' lang='lat' dir='ltr'>tum</span> <span class='ocrx_word' id='word_1_58' title='bbox 1298 1232 1441 1312; x_wconf 85' lang='lat' dir='ltr'>per</span> <span class='ocrx_word' id='word_1_59' title='bbox 1471 1208 1632 1285; x_wconf 86' lang='lat' dir='ltr'>haec</span> <span class='ocrx_word' id='word_1_60' title='bbox 1673 1230 1846 1317; x_wconf 85' lang='lat' dir='ltr'>quae</span> <span class='ocrx_word' id='word_1_61' title='bbox 1889 1203 2059 1287; x_wconf 83' lang='lat' dir='ltr'>sunt</span> <span class='ocrx_word' id='word_1_62' title='bbox 2098 1205 2453 1294; x_wconf 69' lang='lat' dir='ltr'>rationiS,</span> <span class='ocrx_word' id='word_1_63' title='bbox 2513 1203 2641 1285; x_wconf 85' lang='lat' dir='ltr'>sed</span> <span class='ocrx_word' id='word_1_64' title='bbox 2675 1204 2932 1286; x_wconf 75' lang='lat' dir='ltr'>etiarn’</span> <span class='ocrx_word' id='word_1_65' title='bbox 2941 1232 3085 1312; x_wconf 87' lang='lat' dir='ltr'>per</span> <span class='ocrx_word' id='word_1_66' title='bbox 3131 1206 3376 1284; x_wconf 85' lang='lat' dir='ltr'>inarti-</span> 
     </span>
     <span class='ocr_line' id='line_1_9' title="bbox 1093 1314 3373 1421; baseline 0.002 -25"><span class='ocrx_word' id='word_1_67' title='bbox 1093 1317 1388 1405; x_wconf 80' lang='lat' dir='ltr'>ficialia.</span> <span class='ocrx_word' id='word_1_68' title='bbox 1479 1321 1802 1421; x_wconf 84' lang='lat' dir='ltr'>Signum</span> <span class='ocrx_word' id='word_1_69' title='bbox 1863 1336 2167 1404; x_wconf 85' lang='lat' dir='ltr'>autem,</span> <span class='ocrx_word' id='word_1_70' title='bbox 2234 1314 2450 1419; x_wconf 89' lang='lat' dir='ltr'>quod</span> <span class='ocrx_word' id='word_1_71' title='bbox 2494 1316 2623 1396; x_wconf 84' lang='lat' dir='ltr'>ille</span> <span class='ocrx_word' id='word_1_72' title='bbox 2688 1315 3063 1398; x_wconf 87' lang='lat' dir='ltr'>indicium</span> <span class='ocrx_word' id='word_1_73' title='bbox 3112 1336 3373 1401; x_wconf 81' lang='lat' dir='ltr'>vocat.</span> 
     </span>
     <span class='ocr_line' id='line_1_10' title="bbox 1093 1424 3385 1537; baseline -0.001 -29"><span class='ocrx_word' id='word_1_74' title='bbox 1093 1430 1191 1515; x_wconf 79' lang='lat' dir='ltr'>ab</span> <span class='ocrx_word' id='word_1_75' title='bbox 1222 1431 1692 1534; x_wconf 79' lang='lat' dir='ltr'>argumentis</span> <span class='ocrx_word' id='word_1_76' title='bbox 1719 1430 1879 1527; x_wconf 87' lang='lat' dir='ltr'>jam</span> <span class='ocrx_word' id='word_1_77' title='bbox 1915 1424 2272 1530; x_wconf 85' lang='lat' dir='ltr'><strong>separavi.</strong></span> <span class='ocrx_word' id='word_1_78' title='bbox 2384 1431 2588 1537; x_wconf 85' lang='lat' dir='ltr'>Ergo</span> <span class='ocrx_word' id='word_1_79' title='bbox 2625 1454 2804 1508; x_wconf 89' lang='lat' dir='ltr'>cum</span> <span class='ocrx_word' id='word_1_80' title='bbox 2842 1425 2938 1507; x_wconf 86' lang='lat' dir='ltr'>fit</span> <span class='ocrx_word' id='word_1_81' title='bbox 2981 1436 3385 1535; x_wconf 70' lang='lat' dir='ltr'>argumem&#39;</span> 
     </span>
     <span class='ocr_line' id='line_1_11' title="bbox 1101 1535 3395 1649; baseline -0.001 -30"><span class='ocrx_word' id='word_1_82' title='bbox 1101 1562 1272 1626; x_wconf 84' lang='lat' dir='ltr'>tum</span> <span class='ocrx_word' id='word_1_83' title='bbox 1317 1543 1515 1619; x_wconf 85' lang='lat' dir='ltr'>ratio</span> <span class='ocrx_word' id='word_1_84' title='bbox 1560 1538 2101 1645; x_wconf 85' lang='lat' dir='ltr'>probationem</span> <span class='ocrx_word' id='word_1_85' title='bbox 2139 1535 2495 1641; x_wconf 80' lang='lat' dir='ltr'>praestans</span> <span class='ocrx_word' id='word_1_86' title='bbox 2512 1593 2534 1628; x_wconf 86' lang='lat'>‚</span> <span class='ocrx_word' id='word_1_87' title='bbox 2575 1564 2726 1649; x_wconf 89' lang='lat' dir='ltr'>qua</span> <span class='ocrx_word' id='word_1_88' title='bbox 2758 1538 3156 1645; x_wconf 76' lang='lat' dir='ltr'>cossigitur</span> <span class='ocrx_word' id='word_1_89' title='bbox 3184 1535 3395 1629; x_wconf 51' lang='lat' dir='ltr'>aliud,</span> 
     </span>
     <span class='ocr_line' id='line_1_12' title="bbox 1097 1644 3376 1763; baseline 0 -35"><span class='ocrx_word' id='word_1_90' title='bbox 1097 1679 1241 1763; x_wconf 89' lang='lat' dir='ltr'>per</span> <span class='ocrx_word' id='word_1_91' title='bbox 1294 1649 1547 1743; x_wconf 80' lang='lat' dir='ltr'>aliud,</span> <span class='ocrx_word' id='word_1_92' title='bbox 1615 1654 1694 1728; x_wconf 88' lang='lat'>&amp;</span> <span class='ocrx_word' id='word_1_93' title='bbox 1755 1673 1926 1759; x_wconf 85' lang='lat' dir='ltr'>quae</span> <span class='ocrx_word' id='word_1_94' title='bbox 1975 1644 2191 1757; x_wconf 90' lang='lat' dir='ltr'>quod</span> <span class='ocrx_word' id='word_1_95' title='bbox 2226 1645 2364 1726; x_wconf 82' lang='lat' dir='ltr'>est</span> <span class='ocrx_word' id='word_1_96' title='bbox 2428 1648 2786 1736; x_wconf 85' lang='lat' dir='ltr'>dubium,</span> <span class='ocrx_word' id='word_1_97' title='bbox 2850 1677 2989 1758; x_wconf 91' lang='lat' dir='ltr'>per</span> <span class='ocrx_word' id='word_1_98' title='bbox 3040 1649 3124 1731; x_wconf 86' lang='lat' dir='ltr'>id</span> <span class='ocrx_word' id='word_1_99' title='bbox 3180 1647 3376 1756; x_wconf 88' lang='lat' dir='ltr'>quod</span> 
     </span>
     <span class='ocr_line' id='line_1_13' title="bbox 1097 1756 3378 1868; baseline -0 -28"><span class='ocrx_word' id='word_1_100' title='bbox 1097 1759 1424 1842; x_wconf 86' lang='lat' dir='ltr'>dubium</span> <span class='ocrx_word' id='word_1_101' title='bbox 1471 1786 1632 1845; x_wconf 86' lang='lat' dir='ltr'>non</span> <span class='ocrx_word' id='word_1_102' title='bbox 1673 1756 1786 1837; x_wconf 83' lang='lat' dir='ltr'>est</span> <span class='ocrx_word' id='word_1_103' title='bbox 1806 1814 1830 1845; x_wconf 82' lang='lat'>,</span> <span class='ocrx_word' id='word_1_104' title='bbox 1884 1757 2337 1840; x_wconf 83' lang='lat' dir='ltr'>confirmat:</span> <span class='ocrx_word' id='word_1_105' title='bbox 2402 1761 2692 1844; x_wconf 70' lang='lat' dir='ltr'>necesse</span> <span class='ocrx_word' id='word_1_106' title='bbox 2729 1760 2840 1842; x_wconf 90' lang='lat' dir='ltr'>est</span> <span class='ocrx_word' id='word_1_107' title='bbox 2894 1761 3037 1840; x_wconf 83' lang='lat' dir='ltr'>effe</span> <span class='ocrx_word' id='word_1_108' title='bbox 3095 1757 3378 1868; x_wconf 80' lang='lat' dir='ltr'>aliquid</span> 
     </span>
     <span class='ocr_line' id='line_1_14' title="bbox 1095 1866 3376 1980; baseline 0.001 -32"><span class='ocrx_word' id='word_1_109' title='bbox 1095 1874 1180 1957; x_wconf 85' lang='lat' dir='ltr'>in</span> <span class='ocrx_word' id='word_1_110' title='bbox 1227 1870 1442 1950; x_wconf 86' lang='lat' dir='ltr'>causa</span> <span class='ocrx_word' id='word_1_111' title='bbox 1490 1866 1705 1979; x_wconf 90' lang='lat' dir='ltr'>quod</span> <span class='ocrx_word' id='word_1_112' title='bbox 1738 1869 2198 1974; x_wconf 84' lang='lat' dir='ltr'>probatione</span> <span class='ocrx_word' id='word_1_113' title='bbox 2256 1896 2421 1949; x_wconf 90' lang='lat' dir='ltr'>non</span> <span class='ocrx_word' id='word_1_114' title='bbox 2474 1895 2712 1979; x_wconf 86' lang='lat' dir='ltr'>egeat.</span> <span class='ocrx_word' id='word_1_115' title='bbox 2823 1872 3153 1980; x_wconf 75' lang='lat' dir='ltr'>Alioqui</span> <span class='ocrx_word' id='word_1_116' title='bbox 3192 1868 3376 1950; x_wconf 78' lang='lat' dir='ltr'>nihil</span> 
     </span>
     <span class='ocr_line' id='line_1_15' title="bbox 1092 1978 3379 2106; baseline 0.002 -48"><span class='ocrx_word' id='word_1_117' title='bbox 1092 1987 1243 2062; x_wconf 84' lang='lat' dir='ltr'>erit</span> <span class='ocrx_word' id='word_1_118' title='bbox 1278 2007 1439 2106; x_wconf 78' lang='lat' dir='ltr'>quo</span> <span class='ocrx_word' id='word_1_119' title='bbox 1481 1982 1949 2093; x_wconf 72' lang='lat' dir='ltr'>probemus,⁴</span> <span class='ocrx_word' id='word_1_120' title='bbox 1993 1978 2131 2063; x_wconf 83' lang='lat' dir='ltr'>nifi</span> <span class='ocrx_word' id='word_1_121' title='bbox 2179 1980 2406 2062; x_wconf 87' lang='lat' dir='ltr'>fuerit</span> <span class='ocrx_word' id='word_1_122' title='bbox 2462 1983 2678 2093; x_wconf 88' lang='lat' dir='ltr'>quod</span> <span class='ocrx_word' id='word_1_123' title='bbox 2737 2006 2865 2062; x_wconf 88' lang='lat' dir='ltr'>aut</span> <span class='ocrx_word' id='word_1_124' title='bbox 2914 1982 3007 2061; x_wconf 80' lang='lat' dir='ltr'>sn:</span> <span class='ocrx_word' id='word_1_125' title='bbox 3063 2010 3379 2069; x_wconf 73' lang='lat' dir='ltr'>verum,</span> 
     </span>
     <span class='ocr_line' id='line_1_16' title="bbox 1092 2089 3372 2199; baseline 0.001 -28"><span class='ocrx_word' id='word_1_126' title='bbox 1092 2113 1228 2171; x_wconf 84' lang='lat' dir='ltr'>aut</span> <span class='ocrx_word' id='word_1_127' title='bbox 1261 2091 1655 2187; x_wconf 66' lang='lat' dir='ltr'>videatur²</span> <span class='ocrx_word' id='word_1_128' title='bbox 1710 2116 1807 2171; x_wconf 80' lang='lat' dir='ltr'>ex</span> <span class='ocrx_word' id='word_1_129' title='bbox 1845 2117 2004 2199; x_wconf 87' lang='lat' dir='ltr'>quo</span> <span class='ocrx_word' id='word_1_130' title='bbox 2048 2089 2303 2171; x_wconf 81' lang='lat' dir='ltr'>dubiis</span> <span class='ocrx_word' id='word_1_131' title='bbox 2337 2090 2529 2173; x_wconf 76' lang='lat' dir='ltr'>fides</span> <span class='ocrx_word' id='word_1_132' title='bbox 2570 2094 2727 2179; x_wconf 82' lang='lat' dir='ltr'>fiat.</span> <span class='ocrx_word' id='word_1_133' title='bbox 2820 2099 2967 2177; x_wconf 74' lang='lat' dir='ltr'>Pro,</span> <span class='ocrx_word' id='word_1_134' title='bbox 2996 2097 3227 2175; x_wconf 87' lang='lat' dir='ltr'>certis</span> <span class='ocrx_word' id='word_1_135' title='bbox 3259 2119 3372 2173; x_wconf 81' lang='lat' dir='ltr'>au-</span> 
     </span>
     <span class='ocr_line' id='line_1_17' title="bbox 1097 2202 3379 2316; baseline 0.001 -35"><span class='ocrx_word' id='word_1_136' title='bbox 1097 2224 1265 2287; x_wconf 83' lang='lat' dir='ltr'>tem</span> <span class='ocrx_word' id='word_1_137' title='bbox 1295 2204 1662 2285; x_wconf 83' lang='lat' dir='ltr'>habemus</span> <span class='ocrx_word' id='word_1_138' title='bbox 1695 2207 2043 2315; x_wconf 86' lang='lat' dir='ltr'>primum</span> <span class='ocrx_word' id='word_1_139' title='bbox 2093 2230 2265 2316; x_wconf 81' lang='lat' dir='ltr'>quae</span> <span class='ocrx_word' id='word_1_140' title='bbox 2318 2202 2643 2286; x_wconf 69' lang='lat' dir='ltr'>sentibus</span> <span class='ocrx_word' id='word_1_141' title='bbox 2686 2209 3263 2314; x_wconf 76' lang='lat' dir='ltr'>percipiuntur,</span> <span class='ocrx_word' id='word_1_142' title='bbox 3303 2216 3379 2284; x_wconf 86' lang='lat' dir='ltr'>ut&#39;</span> 
     </span>
     <span class='ocr_line' id='line_1_18' title="bbox 1093 2312 3381 2431; baseline -0.004 -29"><span class='ocrx_word' id='word_1_143' title='bbox 1093 2342 1266 2431; x_wconf 79' lang='lat' dir='ltr'>quae</span> <span class='ocrx_word' id='word_1_144' title='bbox 1301 2314 1694 2403; x_wconf 81' lang='lat' dir='ltr'>videmus,</span> <span class='ocrx_word' id='word_1_145' title='bbox 1748 2313 2146 2399; x_wconf 77' lang='lat' dir='ltr'>audimus:</span> <span class='ocrx_word' id='word_1_146' title='bbox 2244 2315 2499 2421; x_wconf 72' lang='lat' dir='ltr'>qualia</span> <span class='ocrx_word' id='word_1_147' title='bbox 2532 2316 2700 2395; x_wconf 81' lang='lat' dir='ltr'>sunt</span> <span class='ocrx_word' id='word_1_148' title='bbox 2740 2313 2973 2427; x_wconf 71' lang='lat' dir='ltr'>figna.</span> <span class='ocrx_word' id='word_1_149' title='bbox 3076 2312 3381 2398; x_wconf 81' lang='lat' dir='ltr'><strong>Deinde</strong></span> 
     </span>
     <span class='ocr_line' id='line_1_19' title="bbox 1096 2425 3383 2535; baseline 0.002 -32"><span class='ocrx_word' id='word_1_150' title='bbox 1096 2453 1188 2503; x_wconf 87' lang='lat' dir='ltr'>ea</span> <span class='ocrx_word' id='word_1_151' title='bbox 1237 2430 1320 2503; x_wconf 87' lang='lat' dir='ltr'>in</span> <span class='ocrx_word' id='word_1_152' title='bbox 1369 2452 1537 2532; x_wconf 84' lang='lat' dir='ltr'>quae</span> <span class='ocrx_word' id='word_1_153' title='bbox 1572 2427 1977 2505; x_wconf 88' lang='lat' dir='ltr'>communi</span> <span class='ocrx_word' id='word_1_154' title='bbox 2030 2427 2402 2535; x_wconf 87' lang='lat' dir='ltr'>opinione</span> <span class='ocrx_word' id='word_1_155' title='bbox 2449 2425 2896 2508; x_wconf 72' lang='lat' dir='ltr'>consensum</span> <span class='ocrx_word' id='word_1_156' title='bbox 2953 2426 3063 2507; x_wconf 84' lang='lat' dir='ltr'>est</span> <span class='ocrx_word' id='word_1_157' title='bbox 3083 2458 3115 2523; x_wconf 64' lang='grc' dir='ltr'>ς,</span> <span class='ocrx_word' id='word_1_158' title='bbox 3174 2432 3383 2509; x_wconf 79' lang='lat' dir='ltr'>Deos</span> 
     </span>
     <span class='ocr_line' id='line_1_20' title="bbox 1091 2534 3389 2648; baseline 0.002 -35"><span class='ocrx_word' id='word_1_159' title='bbox 1091 2534 1240 2613; x_wconf 77' lang='lat' dir='ltr'>esse</span> <span class='ocrx_word' id='word_1_160' title='bbox 1265 2592 1286 2626; x_wconf 89' lang='lat'>‚</span> <span class='ocrx_word' id='word_1_161' title='bbox 1325 2534 1829 2648; x_wconf 76' lang='lat' dir='ltr'>praestmidam</span> <span class='ocrx_word' id='word_1_162' title='bbox 1858 2539 2227 2647; x_wconf 79' lang='lat' dir='ltr'>pietatem</span> <span class='ocrx_word' id='word_1_163' title='bbox 2256 2539 2714 2643; x_wconf 85' lang='lat' dir='ltr'>parentibus.</span> <span class='ocrx_word' id='word_1_164' title='bbox 2807 2541 3184 2620; x_wconf 80' lang='lat' dir='ltr'>Praeterea</span> <span class='ocrx_word' id='word_1_165' title='bbox 3220 2561 3389 2648; x_wconf 77' lang='lat' dir='ltr'>quae</span> 
     </span>
     <span class='ocr_line' id='line_1_21' title="bbox 1092 2645 3389 2762; baseline 0.002 -38"><span class='ocrx_word' id='word_1_166' title='bbox 1092 2645 1388 2762; x_wconf 80' lang='lat' dir='ltr'>legibus</span> <span class='ocrx_word' id='word_1_167' title='bbox 1442 2670 1658 2727; x_wconf 86' lang='lat' dir='ltr'>cauta</span> <span class='ocrx_word' id='word_1_168' title='bbox 1708 2647 1925 2738; x_wconf 87' lang='lat' dir='ltr'>funt,</span> <span class='ocrx_word' id='word_1_169' title='bbox 1989 2674 2156 2760; x_wconf 85' lang='lat' dir='ltr'>quae</span> <span class='ocrx_word' id='word_1_170' title='bbox 2202 2647 2677 2758; x_wconf 70' lang='lat' dir='ltr'>persuasione</span> <span class='ocrx_word' id='word_1_171' title='bbox 2729 2647 3026 2729; x_wconf 79' lang='lat' dir='ltr'>etiamsi</span> <span class='ocrx_word' id='word_1_172' title='bbox 3079 2678 3250 2730; x_wconf 87' lang='lat' dir='ltr'>non</span> <span class='ocrx_word' id='word_1_173' title='bbox 3299 2673 3389 2728; x_wconf 72' lang='lat' dir='ltr'>o-</span> 
     </span>
     <span class='ocr_line' id='line_1_22' title="bbox 1095 2758 3389 2870; baseline 0.004 -36"><span class='ocrx_word' id='word_1_174' title='bbox 1095 2763 1401 2836; x_wconf 81' lang='lat' dir='ltr'>mnium</span> <span class='ocrx_word' id='word_1_175' title='bbox 1438 2758 1895 2850; x_wconf 75' lang='lat' dir='ltr'>hominurn,</span> <span class='ocrx_word' id='word_1_176' title='bbox 1960 2761 2115 2861; x_wconf 83' lang='lat' dir='ltr'>ejus</span> <span class='ocrx_word' id='word_1_177' title='bbox 2156 2782 2415 2843; x_wconf 80' lang='lat' dir='ltr'>tamen</span> <span class='ocrx_word' id='word_1_178' title='bbox 2470 2764 2803 2845; x_wconf 77' lang='lat' dir='ltr'>civitatis</span> <span class='ocrx_word' id='word_1_179' title='bbox 2843 2785 2983 2845; x_wconf 83' lang='lat' dir='ltr'>aut</span> <span class='ocrx_word' id='word_1_180' title='bbox 3010 2769 3273 2870; x_wconf 77' lang='lat' dir='ltr'>gentis</span> <span class='ocrx_word' id='word_1_181' title='bbox 3308 2762 3389 2843; x_wconf 83' lang='lat' dir='ltr'>in</span> 
     </span>
     <span class='ocr_line' id='line_1_23' title="bbox 1096 2867 3389 2985; baseline 0.002 -39"><span class='ocrx_word' id='word_1_182' title='bbox 1096 2893 1249 2985; x_wconf 86' lang='lat' dir='ltr'>qua</span> <span class='ocrx_word' id='word_1_183' title='bbox 1302 2897 1422 2956; x_wconf 84' lang='lat' dir='ltr'>res</span> <span class='ocrx_word' id='word_1_184' title='bbox 1473 2873 1724 2981; x_wconf 86' lang='lat' dir='ltr'>agitur</span> <span class='ocrx_word' id='word_1_185' title='bbox 1747 2925 1770 2960; x_wconf 89' lang='lat'>,</span> <span class='ocrx_word' id='word_1_186' title='bbox 1822 2867 1909 2946; x_wconf 54' lang='lat' dir='ltr'>‘in</span> <span class='ocrx_word' id='word_1_187' title='bbox 1956 2895 2215 2949; x_wconf 88' lang='lat' dir='ltr'>mores</span> <span class='ocrx_word' id='word_1_188' title='bbox 2258 2890 2565 2978; x_wconf 86' lang='lat' dir='ltr'>recepta</span> <span class='ocrx_word' id='word_1_189' title='bbox 2621 2872 2820 2953; x_wconf 83' lang='lat' dir='ltr'>sunt:</span> <span class='ocrx_word' id='word_1_190' title='bbox 2887 2895 2974 2952; x_wconf 90' lang='lat' dir='ltr'>ut</span> <span class='ocrx_word' id='word_1_191' title='bbox 3012 2874 3389 2981; x_wconf 82' lang='lat' dir='ltr'>pleraque</span> 
     </span>
     <span class='ocr_line' id='line_1_24' title="bbox 1092 2977 3395 3091; baseline 0.003 -34"><span class='ocrx_word' id='word_1_192' title='bbox 1092 2981 1179 3057; x_wconf 91' lang='lat' dir='ltr'>in</span> <span class='ocrx_word' id='word_1_193' title='bbox 1225 2981 1391 3082; x_wconf 85' lang='lat' dir='ltr'>jure</span> <span class='ocrx_word' id='word_1_194' title='bbox 1444 3007 1604 3061; x_wconf 88' lang='lat' dir='ltr'>non</span> <span class='ocrx_word' id='word_1_195' title='bbox 1644 2979 1940 3086; x_wconf 82' lang='lat' dir='ltr'>legibus</span> <span class='ocrx_word' id='word_1_196' title='bbox 1986 2977 2120 3064; x_wconf 77' lang='lat' dir='ltr'>‘fed</span> <span class='ocrx_word' id='word_1_197' title='bbox 2176 2981 2526 3066; x_wconf 76' lang='lat' dir='ltr'>moribus</span> <span class='ocrx_word' id='word_1_198' title='bbox 2580 2982 2949 3066; x_wconf 82' lang='lat' dir='ltr'>constant.</span> <span class='ocrx_word' id='word_1_199' title='bbox 3065 2988 3142 3066; x_wconf 80' lang='lat' dir='ltr'>Si</span> <span class='ocrx_word' id='word_1_200' title='bbox 3200 2979 3395 3091; x_wconf 76' lang='lat' dir='ltr'>quid</span> 
     </span>
     <span class='ocr_line' id='line_1_25' title="bbox 1095 3092 3388 3206; baseline 0.002 -37"><span class='ocrx_word' id='word_1_201' title='bbox 1095 3092 1299 3169; x_wconf 85' lang='lat' dir='ltr'>inter</span> <span class='ocrx_word' id='word_1_202' title='bbox 1330 3110 1743 3206; x_wconf 83' lang='lat' dir='ltr'>utramque</span> <span class='ocrx_word' id='word_1_203' title='bbox 1780 3112 2086 3196; x_wconf 86' lang='lat' dir='ltr'>partem</span> <span class='ocrx_word' id='word_1_204' title='bbox 2132 3097 2537 3185; x_wconf 84' lang='lat' dir='ltr'>convenit,</span> <span class='ocrx_word' id='word_1_205' title='bbox 2595 3093 2651 3173; x_wconf 85' lang='lat' dir='ltr'><strong>fi</strong></span> <span class='ocrx_word' id='word_1_206' title='bbox 2706 3093 2897 3200; x_wconf 87' lang='lat' dir='ltr'>quid</span> <span class='ocrx_word' id='word_1_207' title='bbox 2963 3094 3388 3197; x_wconf 86' lang='lat' dir='ltr'>probatum</span> 
     </span>
     <span class='ocr_line' id='line_1_26' title="bbox 1095 3201 3392 3313; baseline 0.002 -33"><span class='ocrx_word' id='word_1_208' title='bbox 1095 3202 1247 3296; x_wconf 86' lang='lat' dir='ltr'>est;</span> <span class='ocrx_word' id='word_1_209' title='bbox 1338 3201 1671 3313; x_wconf 88' lang='lat' dir='ltr'>denique</span> <span class='ocrx_word' id='word_1_210' title='bbox 1707 3206 2139 3311; x_wconf 84' lang='lat' dir='ltr'>cuicunque</span> <span class='ocrx_word' id='word_1_211' title='bbox 2189 3201 2663 3289; x_wconf 70' lang='lat' dir='ltr'>adversarius</span> <span class='ocrx_word' id='word_1_212' title='bbox 2698 3231 2860 3290; x_wconf 85' lang='lat' dir='ltr'>non</span> <span class='ocrx_word' id='word_1_213' title='bbox 2895 3204 3392 3290; x_wconf 76' lang='lat' dir='ltr'>contradicit..</span> 
     </span>
     <span class='ocr_line' id='line_1_27' title="bbox 1093 3312 3395 3428; baseline 0.002 -37"><span class='ocrx_word' id='word_1_214' title='bbox 1093 3316 1219 3391; x_wconf 76' lang='lat' dir='ltr'>Sic</span> <span class='ocrx_word' id='word_1_215' title='bbox 1258 3318 1471 3398; x_wconf 82' lang='lat' dir='ltr'>enim</span> <span class='ocrx_word' id='word_1_216' title='bbox 1507 3312 1641 3398; x_wconf 79' lang='lat' dir='ltr'>fiet</span> <span class='ocrx_word' id='word_1_217' title='bbox 1698 3336 2288 3428; x_wconf 67' lang='lat' dir='ltr'>argumentum3</span> <span class='ocrx_word' id='word_1_218' title='bbox 2353 3321 2557 3394; x_wconf 86' lang='lat' dir='ltr'>Cum</span> <span class='ocrx_word' id='word_1_219' title='bbox 2619 3315 3105 3420; x_wconf 86' lang='lat' dir='ltr'>providentia</span> <span class='ocrx_word' id='word_1_220' title='bbox 3160 3343 3395 3396; x_wconf 81' lang='lat' dir='ltr'>mun-</span> 
     </span>
     <span class='ocr_line' id='line_1_28' title="bbox 1083 3420 3397 3530; baseline 0.003 -30"><span class='ocrx_word' id='word_1_221' title='bbox 1083 3420 1241 3500; x_wconf 91' lang='lat' dir='ltr'>·dus</span> <span class='ocrx_word' id='word_1_222' title='bbox 1273 3446 1616 3530; x_wconf 81' lang='lat' dir='ltr'>regatur,</span> <span class='ocrx_word' id='word_1_223' title='bbox 1681 3423 2279 3502; x_wconf 82' lang='lat' dir='ltr'>administranda</span> <span class='ocrx_word' id='word_1_224' title='bbox 2322 3425 2429 3503; x_wconf 81' lang='lat' dir='ltr'>est</span> <span class='ocrx_word' id='word_1_225' title='bbox 2485 3423 2942 3529; x_wconf 75' lang='lat' dir='ltr'>respublica:</span> <span class='ocrx_word' id='word_1_226' title='bbox 3009 3445 3094 3504; x_wconf 89' lang='lat' dir='ltr'>ut</span> <span class='ocrx_word' id='word_1_227' title='bbox 3139 3426 3397 3507; x_wconf 74' lang='lat' dir='ltr'>admi—</span> 
     </span>
     <span class='ocr_line' id='line_1_29' title="bbox 1097 3523 3395 3649; baseline 0.003 -37"><span class='ocrx_word' id='word_1_228' title='bbox 1097 3523 1483 3618; x_wconf 80' lang='lat' dir='ltr'>nistranda</span> <span class='ocrx_word' id='word_1_229' title='bbox 1532 3533 1950 3642; x_wconf 88' lang='lat' dir='ltr'>respublica</span> <span class='ocrx_word' id='word_1_230' title='bbox 2003 3532 2134 3623; x_wconf 83' lang='lat' dir='ltr'>fit,</span> <span class='ocrx_word' id='word_1_231' title='bbox 2192 3534 2250 3622; x_wconf 82' lang='lat' dir='ltr'><strong>fi</strong></span> <span class='ocrx_word' id='word_1_232' title='bbox 2304 3534 2634 3649; x_wconf 78' lang='lat' dir='ltr'>liquebit</span> <span class='ocrx_word' id='word_1_233' title='bbox 2677 3534 3055 3617; x_wconf 83' lang='lat' dir='ltr'>mundum</span> <span class='ocrx_word' id='word_1_234' title='bbox 3116 3542 3395 3640; x_wconf 76' lang='lat' dir='ltr'>provi-</span> 
     </span>
     <span class='ocr_line' id='line_1_30' title="bbox 1091 3639 3397 3759; baseline 0.004 -38"><span class='ocrx_word' id='word_1_235' title='bbox 1091 3639 1354 3732; x_wconf 82' lang='lat' dir='ltr'>dentia</span> <span class='ocrx_word' id='word_1_236' title='bbox 1389 3647 1573 3759; x_wconf 86' lang='lat' dir='ltr'>regi.</span> <span class='ocrx_word' id='word_1_237' title='bbox 1686 3646 1945 3725; x_wconf 87' lang='lat' dir='ltr'>Debet</span> <span class='ocrx_word' id='word_1_238' title='bbox 1984 3650 2218 3730; x_wconf 76' lang='lat' dir='ltr'>etiam</span> <span class='ocrx_word' id='word_1_239' title='bbox 2271 3670 2458 3725; x_wconf 87' lang='lat' dir='ltr'>nota</span> <span class='ocrx_word' id='word_1_240' title='bbox 2510 3646 2654 3727; x_wconf 84' lang='lat' dir='ltr'>esse</span> <span class='ocrx_word' id='word_1_241' title='bbox 2690 3650 2893 3728; x_wconf 69' lang='lat' dir='ltr'>reste</span> <span class='ocrx_word' id='word_1_242' title='bbox 2923 3671 3397 3750; x_wconf 69' lang='lat' dir='ltr'>argumenoe</span> 
     </span>
     <span class='ocr_line' id='line_1_31' title="bbox 1097 3751 3399 3866; baseline 0.004 -35"><span class='ocrx_word' id='word_1_243' title='bbox 1097 3751 1564 3854; x_wconf 55' lang='lat' dir='ltr'>tractaturo,</span> <span class='ocrx_word' id='word_1_244' title='bbox 1617 3759 1735 3836; x_wconf 86' lang='lat' dir='ltr'>vis</span> <span class='ocrx_word' id='word_1_245' title='bbox 1799 3764 1877 3839; x_wconf 69' lang='grc' dir='ltr'>ὅ(</span> <span class='ocrx_word' id='word_1_246' title='bbox 1932 3754 2213 3836; x_wconf 83' lang='lat' dir='ltr'>natura</span> <span class='ocrx_word' id='word_1_247' title='bbox 2271 3761 2626 3839; x_wconf 87' lang='lat' dir='ltr'>omnium</span> <span class='ocrx_word' id='word_1_248' title='bbox 2673 3785 2973 3846; x_wconf 87' lang='lat' dir='ltr'>rerum,</span> <span class='ocrx_word' id='word_1_249' title='bbox 3043 3762 3129 3837; x_wconf 71' lang='grc' dir='ltr'>δε</span> <span class='ocrx_word' id='word_1_250' title='bbox 3195 3757 3399 3866; x_wconf 82' lang='lat' dir='ltr'>quid</span> 
     </span>
     <span class='ocr_line' id='line_1_32' title="bbox 1084 3867 3401 3988; baseline 0.003 -45"><span class='ocrx_word' id='word_1_251' title='bbox 1084 3890 1411 3988; x_wconf 79' lang='lat' dir='ltr'>quaeque</span> <span class='ocrx_word' id='word_1_252' title='bbox 1444 3893 1710 3955; x_wconf 70' lang='lat' dir='ltr'>earum</span> <span class='ocrx_word' id='word_1_253' title='bbox 1759 3867 2221 3973; x_wconf 78' lang='lat' dir='ltr'>plerumque</span> <span class='ocrx_word' id='word_1_254' title='bbox 2278 3867 2578 3948; x_wconf 88' lang='lat' dir='ltr'>efficiat.</span> <span class='ocrx_word' id='word_1_255' title='bbox 2677 3870 2858 3949; x_wconf 86' lang='lat' dir='ltr'>hinc</span> <span class='ocrx_word' id='word_1_256' title='bbox 2909 3868 3127 3946; x_wconf 86' lang='lat' dir='ltr'>enim</span> <span class='ocrx_word' id='word_1_257' title='bbox 3214 3870 3401 3951; x_wconf 87' lang='lat' dir='ltr'>sunt</span> 
     </span>
     <span class='ocr_line' id='line_1_33' title="bbox 1079 3973 3393 4098; baseline -0.001 -33"><span class='ocrx_word' id='word_1_258' title='bbox 1079 3997 1253 4098; x_wconf 74' lang='lat' dir='ltr'>quae</span> <span class='ocrx_word' id='word_1_259' title='bbox 1282 3974 1517 4059; x_wconf 65' lang='grc' dir='ltr'>εἷκὸται</span> <span class='ocrx_word' id='word_1_260' title='bbox 1548 3973 1928 4067; x_wconf 72' lang='lat' dir='ltr'>dicuntur.</span> <span class='ocrx_word' id='word_1_261' title='bbox 2022 3977 2533 4068; x_wconf 70' lang='lat' dir='ltr'>credibilium</span> <span class='ocrx_word' id='word_1_262' title='bbox 2575 4004 2830 4066; x_wconf 85' lang='lat' dir='ltr'>autem</span> <span class='ocrx_word' id='word_1_263' title='bbox 2874 4004 3175 4092; x_wconf 80' lang='lat' dir='ltr'>genera</span> <span class='ocrx_word' id='word_1_264' title='bbox 3212 3980 3393 4062; x_wconf 86' lang='lat' dir='ltr'>sunt</span> 
     </span>
     <span class='ocr_line' id='line_1_34' title="bbox 1513 4110 3377 4179; baseline 0.001 -2"><span class='ocrx_word' id='word_1_265' title='bbox 1513 4119 1526 4129; x_wconf 84' lang='grc'><em>“</em></span> <span class='ocrx_word' id='word_1_266' title='bbox 1882 4110 1887 4116; x_wconf 76' lang='grc'><strong><em>’</em></strong></span> <span class='ocrx_word' id='word_1_267' title='bbox 3214 4111 3377 4179; x_wconf 58' lang='lat'>“18-</span> 
     </span>
    </p>
   </div>
  </div>
 </body>
</html>
