3557 5113
703 264 963 425 466
1193 308 1196 311 ·
1319 256 1473 369 M.
1556 255 1951 399 lFAnu
2106 253 3099 420 Qm'c‘rimAm
3221 353 3239 366 ,

648 604 827 686 ω,
865 604 986 689 111,
1062 578 1147 661 in
1190 594 1417 658 utero
1476 570 1725 655 latum
1762 568 1911 653 effe
1966 563 2268 653 dixisset
2312 602 2339 667 3
2413 569 2639 677 Qid
2668 576 2706 648 ?
2767 570 2928 648 alia
2972 624 2999 658 ‚
3063 568 3343 674 inquit;
3392 578 3417 609 ·

1066 700 1150 775 in
1172 690 1445 803 penula
1449 688 1689 795 filent
1708 686 1921 794 firre
1954 690 1992 763 ?
2062 690 2655 789 Nonnunquam
2701 703 2968 761 tamen
3003 677 3197 759 illud
3228 704 3343 784 ge·

1069 830 1215 885 nus
1253 856 1278 893 ‚
1328 802 1531 901 cujus
1598 792 2054 903 exemplum
2108 800 2379 904 priore
2435 794 2622 877 loco
2668 791 2946 902 posui,
3025 792 3347 891 affirma·

1077 917 1310 1017 tionis
1351 913 1602 1021 gratia
1645 907 1921 991 adhibe·
1924 929 2055 991 tur
2069 961 2099 999 ‚

1272 1142 1396 1158 ----
1414 1103 1783 1200 chmqne
1823 1085 1934 1168 bic
1968 1082 2283 1167 auribus·
2330 1066 2543 1193 basist-

1066 1234 1179 1313 At
1224 1228 1505 1312 vitium
1559 1230 1712 1307 erit
1736 1281 1761 1318 ,
1799 1228 2106 1334 quoties
2157 1219 2507 1306 ociosum
2570 1220 2806 1304 fuerit
2839 1274 2868 1315 ,
2928 1225 3016 1306 δε
3071 1217 3347 1332 supere·

1067 1344 1170 1423 rit
1213 1395 1239 1434 ‚
1302 1367 1466 1421 non
1522 1366 1708 1420 cum
1761 1336 2183 1435 adjicietur.
2292 1335 2418 1415 Est
2479 1338 2719 1416 etiam
2768 1361 2966 1454 -quae
3030 1334 3344 1445 πιςηργίφ

1079 1473 1406 1537 vocatur
1438 1507 1463 1544 ‚
1530 1451 1992 1558 supervacua
2035 1458 2065 1544 (
2084 1472 2170 1541 ut
2208 1445 2308 1528 fic
2351 1446 2735 1544 dixerim)
2796 1446 3237 1559 operositas,
3274 1468 3348 1526 ut

1084 1593 1129 1646 a
1183 1563 1538 1672 diligenti
1579 1558 1917 1643 curiosus
1956 1618 1979 1645 ,
2020 1566 2099 1642 ὅ(
2144 1587 2189 1641 a
2235 1558 2613 1666 religione
2651 1557 3095 1666 superstitio
3135 1558 3345 1641 distat.

1069 1681 1334 1785 Atque
1388 1696 1474 1756 ut
1531 1671 1767 1753 semel
1827 1670 2142 1763 finimn,
2197 1671 2524 1755 verbum
2571 1699 2813 1753 omne
2919 1670 3083 1754 uod
3123 1700 3175 1752 n
3267 1696 3352 1752 ue

1079 1787 1559 1867 intellectum
1618 1783 1924 1887 adjuvat
1986 1810 2238 1892 neque
2289 1804 2658 1864 ornatum
2689 1841 2714 1870 ,
2791 1698 3150 1868 vffiosum
3271 1783 3354 1862 'ci

1081 1896 1355 2007 potest.
1464 1888 1861 2006 Κακόζηλον
1882 1952 1906 1989 ,
1952 1893 2036 1976 id
2072 1895 2183 1976 est
2234 1894 2441 1975 mala
2492 1894 2875 1978 affectatio
2896 1951 2921 1989 ‚
2963 1923 3093 2003 per
3125 1919 3351 1976 omne

1073 2004 1400 2089 ‘dicendi
1460 2035 1706 2115 genus
1757 2029 2044 2115 peccat.
2162 2012 2373 2088 Nam
2412 2012 2494 2090 &
2542 2006 2839 2091 tumida
2870 2064 2897 2101 ‚
2974 2013 3053 2091 &
3106 2001 3349 2096 exilia,

1090 2127 1171 2203 &
1233 2118 1646 2227 praedulcia
1676 2175 1701 2213 ,
1768 2125 1851 2203 &
1897 2118 2362 2203 abundantia
2396 2176 2422 2205 ‚
2484 2125 2566 2203 δε
2618 2118 2963 2204 arceffita
3016 2172 3045 2213 ,
3141 2124 3218 2203 &
3242 2144 3362 2199 ex·

1088 2231 1411 2314 ultantia
1453 2287 1478 2323 ‚
1541 2232 1676 2314 sub
1731 2231 1947 2313 idem
1998 2261 2293 2314 nomen
2347 2230 2651 2313 cadunt.
2740 2234 3115 2341 Denique
3172 2232 3363 2310 aui-

1088 2338 1279 2454 ζηλον
1342 2368 1706 2430 vocatur,
1769 2344 2143 2454 quicquid
2195 2344 2306 2424 est
2350 2344 2550 2425 ultra
2595 2345 2966 2426 virtutem
2992 2398 3019 2435 ‚
3083 2345 3363 2453 quoties

1091 2461 1495 2565 ingenium
1547 2456 1839 2561 judicio
1882 2478 2149 2549 caret),
2209 2462 2288 2538 ὅ(
2347 2452 2596 2564 specie
2640 2454 2847 2566 boni·
2874 2455 3178 2538 fallitur
3216 2489 3238 2538 ι
3291 2480 3365 2536 o-

1090 2574 1403 2651 mnium
1443 2573 1527 2652 in
1569 2569 2017 2679 eloquentia
2072 2572 2451 2653 vitiorum
2490 2565 2935 2677 pessimum.
3000 2574 3215 2651 Nam
3251 2594 3369 2649 ω-

1094 2702 1258 2762 tera
1299 2709 1482 2763 cum
1536 2687 1876 2764 vitentur
1912 2739 1934 2768 ,
1990 2681 2143 2763 hoc
2203 2683 2514 2786 petitur.
2627 2681 2753 2762 Est
2815 2703 3087 2763 autem
3139 2704 3370 2764 totum

1101 2796 1183 2873 in
1234 2792 1701 2874 elocutione.
1855 2800 2063 2874 Nam
2143 2820 2407 2874 rerum
2479 2793 2670 2890 vitia
2751 2791 2924 2874 sunt
2960 2851 2984 2880 ‚
3048 2795 3370 2883 stultum,

1095 2932 1518 2987 commune
1557 2962 1579 2996 ‚
1652 2911 2172 3002 contrarium,
2221 2902 2775 3012 supervacuum
2813 2937 2833 2984 t
2900 2930 3271 3014 corrupta
3310 2933 3381 2987 o-

1096 3021 1298 3099 ratio
1359 3022 1439 3098 in
1481 3017 1732 3100 verbis
1789 3021 2130 3098 maxime
2184 3020 2447 3124 impro
2502 3018 2632 3096 riis
2666 3071 2691 3108 ,
2769 3015 3378 3102 redundantibus,

1097 3129 1667 3237 compressione
1712 3127 2026 3212 obscura
2060 3187 2084 3222 ‚
2140 3156 2432 3236 compo
2464 3132 2707 3209 itione
2744 3129 2987 3210 frasta
3018 3187 3047 3223 ,
3120 3154 3372 3214 vocum

1107 3238 1480 3320 ‘similium
1543 3261 1672 3321 aut
1737 3242 2275 3348 ambiguarum
2321 3239 2597 3346 puerili
2652 3247 3110 3348 captatione
3170 3239 3386 3325 confi-

1111 3351 1257 3428 stit.
1351 3347 1476 3429 Est
1526 3375 1789 3431 autem
1847 3380 2088 3433 omne
2139 3344 2511 3461 κακόζηλον
2561 3353 2827 3462 utique
2866 3353 3155 3435 falsum
3195 3412 3219 3448 ‚
3294 3377 3390 3436 et·

1099 3459 1316 3540 iamsi
1373 3490 1535 3543 non
1589 3489 1830 3544 omne
1886 3464 2161 3545 falsum
2215 3458 2587 3574 κακόζηλον
2624 3499 2651 3541 .·
2723 3488 2809 3548 ut
2870 3494 3058 3547 cum
3138 3466 3399 3556 dicitur

1103 3573 1335 3651 ‘aliter
1364 3600 1602 3682 quam
1660 3576 1734 3656 se
1777 3601 2050 3658 natura
2097 3577 2328 3657 habet
2360 3632 2382 3668 ‚
2425 3583 2505 3659 ὅ(
2544 3604 2786 3685 quam
2855 3603 3193 3685 oportet
3237 3638 3259 3667 ,
3330 3587 3395 3663 ὅ(

1104 3711 1343 3790 quam
1389 3684 1495 3765 sat
1537 3686 1663 3766 est.
1758 3685 2134 3778 Totidem
2185 3711 2445 3772 autem
2488 3692 2905 3811 generibus
2959 3701 3391 3802 corrumpi-

1105 3797 1232 3898 tur
1276 3802 1532 3876 oratio
1571 3801 1595 3889 ‘‚
1659 3823 1853 3906 quot
1897 3807 2236 3884 ornatur.
2310 3802 2457 3884 Sed
2499 3800 2597 3881 de
2642 3803 2785 3884 hac
2826 3826 3047 3908 parte
3096 3812 3182 3892 δε
3218 3809 3399 3888 ina·

1102 3906 1214 4020 lio
1247 3935 1289 3986 a
1327 3911 1548 3990 nobis
1599 3919 1840 4016 opere
1860 3911 2171 4020 plenius
2211 3910 2504 4002 dietum
2555 3913 2709 4006 est,
2774 3920 2964 3998 &in
3009 3916 3183 4000 hoc
3218 3901 3401 4026 sirpe

1102 4020 1541 4105 tractabitur
1577 4079 1604 4112 ,
1656 4028 1736 4106 &
1789 4023 2040 4105 adhuc
2075 4024 2474 4134 spargetur
2522 4029 2885 4113 omnibus
2924 4029 3155 4116 locis,
3238 4032 3410 4111 Lo-

2358 4181 2364 4188 ·
3151 4170 3397 4253 quen·
