3557 5113
785 216 1031 345 e*68
1324 215 1539 321 ‘Mi
1660 216 2030 318 FAnu
2165 209 3236 354 erNcritLr‘ANr*

2821 426 2828 433 ι

733 515 803 591 C
825 531 868 583 A
898 533 965 592 ι’.
1016 507 1117 591 Χό
1147 502 1316 605 satis
1353 496 1760 612 significari
1816 446 2320 605 navigationis
2364 496 2660 577 ambitu
2702 496 3218 582 crediderunt.
3235 502 3445 577 Nam

1056 650 1073 666 -’
1148 643 1238 701 ut
1278 644 1602 726 quaeque
1668 612 1924 719 forma
1971 604 2549 717 perfeetiffima‚
2602 596 2722 689 ita¹
2786 632 2875 690 ca
2933 604 3278 690 acissima'
3316 600 3442 690 est.

1120 728 1489 839 ‘Ideoque
1552 724 1680 806 illa
1738 729 2347 804 circumcurrens
2406 722 2606 801 linea
2661 718 2719 802 fi
2771 730 2815 801 e
2910 722 3060 803 ciat
3115 722 3393 803 orbem
3423 778 3443 813 ,

1211 872 1325 923 uae
1386 840 1636 920 forma
1690 834 1801 915 est
1853 838 1935 913 in
1982 834 2228 940 planis
2268 838 2643 941 max-ime
2670 830 3052 940 perfecia,
3115 835 3446 943 amplius

1114 873 1479 1064 ‘Ppatium
1541 946 2101 1053 complectetur
2142 1000 2165 1037 ‚
2229 968 2464 1053 quam
2511 936 2568 1025 fi
2637 936 3102 1055 quadratum
3147 947 3449 1055 paribus

1118 1061 1308 1148 'oris
1364 1064 1669 1144 efficiat.
1787 1055 2073 1137 Rursus
2136 1056 2504 1166 quadrata
2555 1055 3009 1165 triangulis,
3069 1056 3448 1166 triangula

1152 1178 1312 1286 ipsa
1361 1173 1533 1283 plus
1606 1171 1841 1280 aequis
1907 1169 2270 1248 lateribus
2304 1195 2579 1277 *quam
2640 1169 3172 1279 inaequalibus.
3306 1170 3450 1252 Sed

1120 1292 1299 1371 'alia
1352 1284 1665 1383 forsitan
1706 1281 2144 1387 obscuriora
2185 1312 2202 1359 :
2300 1306 2443 1360 nos
2498 1275 2960 1363 facillimum
2995 1280 3247 1363 ‘etiam
3312 1284 3452 1362 im-

1116 1392 1420 1509 ‘peritis
1449 1399 1875 1505 ,sequamur
1912 1393 2557 1498 experimentum.
2672 1392 2938 1501 Jugeri
2983 1393 3451 1503 mensuram,

1151 1502 1529 1593 ducentos
1578 1512 1658 1588 ὅ(
1708 1502 2209 1613 quadraginta
2268 1501 2771 1610 longitudinis
2822 1505 3054 1615 pedes
3109 1502 3301 1595 effe,
3344 1504 3453 1586 di-

1151 1623 1554 1732 midioque
1615 1622 1695 1697 in
1757 1615 2164 1695 latitudine
2216 1612 2534 1724 patere,
2600 1630 2765 1697 non
2832 1615 2993 1699 fere
3045 1614 3450 1729 quisquam

1119 1736 1263 1816 -est
1314 1739 1448 1843 qui
1486 1736 1849 1838 ignoret:
1917 1733 1996 1808 δε
2051 1728 2188 1836 qui
2241 1724 2332 1808 sit
2392 1730 2754 1833 circuitus
2793 1784 2818 1822 ,
2896 1736 3002 1811 ’δε
3070 1752 3454 1838 quantum

1150 1850 1408 1953 campi
1459 1840 1802 1929 claudat,
1859 1838 2764 1950 ‘colligerefexpeditum.
2860 1846 2972 1923 At
3010 1842 3328 1922 centeni
3380 1845 3453 1924 &

1148 1958 1535 2065 ostogeni
1574 1957 1679 2035 in'
1706 1948 2099 2061 quamque
2158 1973 2462 2059 partem
2515 1948 2793 2059 pedes,
2857 1950 3071 2036 idem
3121 1952 3454 2062 spatium

1150 2092 1371 2151 extra
1425 2068 1888 2155 terminant,
1971 2063 2099 2145 sed
2145 2062 2402 2143 multo
2457 2063 2787 2173 amplius
2847 2064 3067 2148 clusae
3117 2089 3457 2176 quatuor

1147 2183 1373 2265 lineis
1429 2206 1620 2259 areae
1683 2176 1990 2256 faciunt.
2110 2173 2198 2255 Id
2257 2173 2321 2255 fi
2380 2198 2837 2282 computare
2897 2180 3134 2288 quem
3184 2181 3455 2291 piget,

1142 2290 1629 2377 ⁸brevioribus
1670 2281 1898 2368 ⁴idem
1952 2285 2205 2367 distat.
2301 2312 2486 2367 nam
2541 2286 2720 2368 deni
2775 2297 2854 2369 in
2909 2281 3302 2400 quadram
3342 2320 3460 2400 pe-

1149 2403 1327 2497 des,
1398 2400 1905 2515 quadraginta
1966 2424 2111 2506 per
2177 2422 2453 2493 oram3
2520 2400 2723 2479 in'tra
2759 2456 2780 2487 ,
2834 2427 3151 2484 centum
3204 2426 3457 2485 erunt.

1147 2504 1262 2602 At
1326 2514 1383 2598 fi
1434 2511 1835 2625 quinideni
1874 2538 2015 2620 per
2055 2508 2292 2593 latera
2312 2567 2336 2601 ‚
2402 2511 2621 2619 quini
2667 2512 2753 2592 in
2803 2511 3060 2597 fronte
3094 2514 3299 2615 suit3
3369 2544 3460 2597 ex

1152 2621 1298 2714 illo
1343 2618 1561 2737 quod
1610 2624 2183 2733 amplediuntur
2221 2678 2247 2715 ,
2322 2647 2682 2733 quartam
2730 2620 3118 2709 deducent
3167 2628 3460 2710 eodem

1144 2736 1702 2823 'circumducta
1818 2739 1892 2816 Si
1941 2762 2131 2817 vero
2191 2734 2528 2842 porrecti
2579 2741 2942 2848 utrinque
2990 2738 3462 2823 undeviceni

1145 2850 1457 2960 singulis
1507 2847 1830 2939 distent,
1912 2873 2076 2926 non
2130 2848 2389 2952 plures
2450 2851 2654 2928 intus
2729 2848 3144 2958 quadratos
3240 2851 3466 2935 habe-

1147 2962 1384 3053 bunt,
1445 2987 1679 3070 quam
1708 2975 1715 2981 “
1728 2986 1869 3067 per
1913 2979 2110 3067 quot
2167 2957 2586 3066 longitudo
2636 2955 3000 3045 ducetur:
3090 2988 3280 3073 quae
3329 2971 3464 3047 cir-

1148 3075 1478 3158 cumibit
1539 3094 1804 3153 autern
1857 3069 2061 3153 linea
2101 3126 2127 3163 ,
2191 3067 2534 3174 ejusdem
2587 3072 2806 3180 spatii
2864 3080 3010 3157 erit
3080 3081 3314 3180 cujus
3382 3105 3472 3160 ea

1106 3287 1117 3294 ,
1207 3217 1323 3270 uae
1371 3208 1689 3267 centum
1730 3187 2102 3266 continet.
2189 3189 2298 3265 lta
2341 3183 2714 3296 quicquid
2767 3188 3043 3271 formae
3095 3173 3475 3300 quadra'ti

1150 3218 2132 3404 detraxerisffimplitudini
2177 3280 2421 3406 quoq5
2473 3297 2774 3406 peribit.
2853 3307 3059 3409 Ergo
3095 3304 3356 3382 etiam
3398 3303 3478 3382 id

1152 3412 1326 3492 fieri
1376 3409 1669 3518 potest,
1733 3432 1820 3490 ut
1871 3412 2167 3511 majore
2220 3412 2545 3490 circuitu
2598 3415 2862 3492 minor
2908 3411 3066 3494 loci
3101 3415 3482 3521 amplitu-

1150 3522 1262 3605 do
1317 3521 1690 3603 cludatur.
1785 3525 1962 3603 Hoc
2002 3523 2086 3599 in
2121 3520 2388 3627 planis.
2451 3530 2688 3603 eNam
2741 3530 2822 3604 in
2860 3523 3188 3606 collibus
3247 3529 3482 3609 valli-

1155 3633 1444 3743 busque
1513 3638 1752 3715 etiam
1822 3634 2193 3740 imperito
2236 3656 2451 3739 patet
2528 3636 2700 3744 plus
2774 3636 2913 3717 soli
2953 3636 3126 3744 ‘esse
3222 3668 3486 3751 quam

1156 3747 1358 3828 coeli.
1426 3746 1636 3850 Qid
1673 3745 1888 3855 quod
1922 3745 1996 3827 se
2031 3742 2305 3826 eadem
2363 3741 2793 3854 geometria
2841 3743 3049 3831 tollit
3066 3749 3174 3831 ‘ad
3238 3757 3488 3835 ratio-

1163 3887 1350 3939 nem
1390 3851 1628 3967 usque
1680 3858 1998 3941 mundi?
2068 3862 2149 3938 in
2202 3884 2356 3967 qua
2395 3865 2584 3942 cum‘
2618 3858 2955 3954 siderum
2992 3885 3268 3947 certos
3306 3896 3492 3948 con-

1161 3970 1612 4083 stitutosque
1667 3973 1924 4056 cursus
1973 3975 2321 4056 numeris
2355 3970 2626 4074 docet,
2660 3973 3020 4060 discimus
3068 3977 3288 4060 nihil
3345 3979 3490 4060 effe

3266 4094 3501 4174 inot-
