3557 5113
803 271 951 416 36
1356 263 1510 370 M.
1620 266 1992 368 Fauii
2148 262 3146 394 ancruum
3245 352 3324 419 .·

669 559 738 639 C
760 584 805 635 a
828 584 892 641 r.
963 562 1060 643 V.
1094 551 1386 631 tatione
1426 608 1450 637 ‚
1502 575 1655 658 qua
1698 544 1903 629 ordo
1958 547 2311 628 turbatur
2341 603 2364 630 ‚
2440 554 2748 657 Qoqaee
2792 574 2914 656 ego
2945 600 2970 630 ‚
3021 550 3239 624 Enim
3279 538 3413 624 hoc

1086 665 1326 744 voluit
1351 719 1373 746 ,
1414 675 1671 743 Autem
1716 690 1857 743 non
1907 656 2180 741 babuit.
2277 662 2391 738 Ex
2428 683 2591 766 quo
2643 685 2929 764 genere
2976 682 3078 778 3²¹¹
3123 653 3215 737 fit
3269 662 3411 766 igi-

1091 799 1217 857 tur
1250 831 1273 858 ,
1330 776 1434 853 >in
1494 776 1723 854 initio
1774 771 2151 852 sermonis
2220 768 2562 878 positum
2605 825 2628 860 ,
2700 766 3038 850 dubitari
3108 767 3409 877 potest:

1093 890 1275 996 quia
1322 889 1711 967 maximos
1752 887 2099 964 austores
2151 886 2234 961 in
2275 878 2573 964 diversa
2624 878 2837 960 fuiss'e
2881 880 3251 989 opinione
3295 882 3417 963 vi-

1095 1000 1292 1092 deo;
1370 1024 1553 1077 cum
1604 993 1814 1104 apud
1862 995 2054 1075 alios
2089 993 2181 1073 sit
2223 995 2462 1074 etiam
2517 994 2878 1100 frequens
2902 1048 2926 1083 ‚
2986 991 3194 1098 apud
3219 991 3422 1072 alios

1094 1136 1501 1216 nunquam
1577 1110 2027 1215 reperiatur.
2126 1110 2314 1186 Haec
2373 1109 2518 1184 tria
2586 1130 2872 1211 genera
2930 1099 3252 1212 quidam
3304 1102 3426 1183 di-

1098 1221 1395 1304 ducunt
1459 1248 1507 1301 a
1558 1218 2035 1309 soloecismO,
2081 1223 2162 1300 &
2229 1215 2673 1319 adjectionis
2726 1218 3011 1297 vitium
3078 1231 3427 1293 πλεονασ-

1099 1335 1222 1433 μὶν
1269 1391 1294 1425 ‚
1347 1331 1840 1413 detrafflonis
1889 1323 2194 1430 ἔλλειψιν
2211 1384 2231 1417 ,
2316 1327 2763 1410 inversionis
2814 1324 3213 1442 dvaeegovnv‘
3278 1357 3428 1410 vo-

1100 1467 1331 1525 cant:
1393 1471 1565 1553 quae
1607 1441 1665 1521 si
1704 1445 1787 1520 in
1839 1441 2172 1548 speciem
2231 1438 2639 1521 soloecifini
2700 1437 2978 1522 cadant
3012 1496 3036 1531 ‚
3096 1435 3425 1542 ἀπέρξαι.

1098 1587 1211 1636 τον
1265 1583 1580 1665 quoque
1625 1554 1999 1660 appellari
2051 1550 2337 1633 eodem
2385 1551 2632 1633 modo
2696 1549 2927 1660 poss'e.
3038 1557 3426 1633 Immuta-

1102 1673 1218 1751 tio
1265 1668 1423 1747 sine
1483 1662 2008 1746 controversia
2058 1664 2218 1753 est,
2282 1691 2470 1743 cum
2515 1662 2725 1745 aliud
2773 1692 2921 1772 pro
2962 1663 3118 1743 alio
3182 1670 3432 1773 poni-

1105 1803 1253 1860 tur.
1342 1775 1428 1856 ld
1485 1804 1629 1883 per
1658 1802 1934 1857 omnes
1996 1777 2365 1855 orationis
2421 1798 2675 1883 partes
2730 1771 3430 1884 deprehendimus,

1102 1882 1710 1998 frequentissime
1752 1892 1840 1967 in
1872 1888 2116 1968 verbo
2139 1942 2163 1976 ‚
2214 1890 2394 1995 quia
2429 1888 2770 1997 plurima
2806 1889 2988 1968 huic
3026 1887 3432 1979 accidunt,

1103 2002 1437 2109 ideoque
1480 2002 1561 2078 in
1618 2026 1721 2077 eo
1778 1997 1981 2078 fiunt
2031 1997 2436 2078 soloecismi
2493 2027 2640 2106 per
2687 2022 2971 2107 genera
3006 2056 3027 2091 ‚
3106 2024 3426 2108 tempo-

1103 2141 1186 2195 ra
1222 2171 1244 2206 ,
1311 2108 1677 2220 personas
1700 2166 1728 2201 ‚
1781 2108 2068 2191 modos
2108 2166 2134 2200 ‚
2196 2107 2349 2193 five
2414 2114 2540 2191 cui
2604 2111 2835 2193 status
2887 2139 3019 2193 eos
3064 2111 3244 2203 dici,
3293 2113 3430 2195 seu

1106 2224 1513 2334 qualitates
1564 2222 1866 2330 placet,
1904 2221 2036 2303 rel
2095 2221 2224 2301 sex
2247 2278 2268 2311 ‚
2334 2222 2463 2304 vel
2513 2231 2546 2318 ζ
2564 2242 2653 2302 ut
2688 2222 2818 2304 alii
2855 2223 3165 2321 volunt)
3203 2227 3430 2306 osto:

1102 2364 1286 2416 nam
1342 2331 1680 2415 totidem
1742 2337 2121 2419 vitiorum
2162 2356 2390 2414 erunt
2447 2331 2719 2417 formae
2762 2334 2786 2427 5
2856 2336 2936 2414 in
2994 2361 3189 2445 quot
3261 2334 3464 2444 spe-¹

1104 2454 1258 2528 cies
1310 2466 1591 2527 eorum
1638 2444 1982 2555 quidque
2026 2442 2125 2529 de
2181 2447 2454 2553 quibus
2511 2444 2730 2553 supra
2787 2446 3083 2528 dictum
3119 2448 3259 2540 est,
3311 2449 3434 2529 di-

1107 2561 1388 2642 viseris.
1502 2563 1881 2639 Praetereo
1920 2575 2290 2638 numeros
2312 2589 2332 2651 3
2430 2561 2509 2636 in
2561 2559 2840 2667 quibus
2890 2588 3039 2640 nos
3085 2559 3430 2668 fingula-

1110 2693 1283 2752 rem
1336 2700 1427 2750 ac
1491 2672 1874 2776 plin-alem
1924 2669 2332 2763 habemus;
2399 2672 2654 2752 Graeci
2697 2676 2779 2753 &
2827 2662 3056 2749 &aaa
3145 2678 3432 2774 Qan-

1107 2807 1346 2893 quam
1392 2780 1707 2864 fuerunt
1765 2784 1902 2890 qui
1961 2779 2182 2862 nobis
2232 2807 2552 2890 quoque
2600 2780 3024 2888 adjicerent
3051 2781 3438 2884 thalem,

1087 2893 1479 3007 sc'rtpsl’re‘,
1557 2896 1778 3005 legere
1816 2929 1838 2970 :
1894 2890 2111 3003 quod
2181 2889 2614 2976 devitanda?
2684 2893 3099 3002 asperitatis
3169 2904 3438 3004 gratia

1110 3008 1519 3086 mollitum
1562 3008 1711 3096 est,
1774 3026 1862 3084 ut
1911 3002 2119 3110 apud
2177 3028 2476 3086 veteres
2515 3033 2665 3114 pro
2701 3011 2889 3088 male
2926 3019 3232 3096 mereris,
3272 3042 3440 3092 ma-
3523 3075 3524 3088 ,

1111 3123 1186 3201 le
1213 3146 1493 3226 merere.
1538 3118 1719 3228 ideo
1750 3115 1971 3225 quod
1988 3139 2270 3199 vocant
2303 3115 2644 3209 dualem,
2682 3124 2763 3200 in
2802 3120 2950 3200 illo
2981 3118 3147 3200 folo
3174 3150 3446 3229 gene-
3523 3193 3524 3198 Ν

1113 3251 1201 3312 r'e
1247 3229 1627 3312 confistit:
1680 3258 1868 3312 cum
1905 3226 2124 3336 'apud
2173 3233 2486 3313 Graecos
2536 3237 2617 3315 ὅ(
2655 3235 2736 3311 in
2776 3233 2996 3313 verbi
3051 3255 3213 3313 tota
3248 3236 3450 3317 fere

1118 3348 1416 3423 ratione
1455 3398 1478 3432 ,
1554 3348 1635 3423 ὅ(
1730 3346 1814 3420 in
1914 3342 2366 3423 nominibus
2429 3340 3093 3453 deprehendatur,
3152 3348 3241 3425 ὃ(
3323 3347 3456 3430 sie

1115 3478 1457 3561 quoque‘
1510 3450 1925 3532 rariss‘rmus
1987 3454 2147 3554 ejus
2218 3447 2309 3533 sit
2358 3452 2596 3552 usus;
2687 3456 2892 3566 apud
2964 3458 3456 3543 nostrorum

1114 3591 1304 3646 vero
1358 3567 1760 3644 neminem
1822 3564 1990 3643 haec
2055 3562 2488 3650 observatio
2549 3573 3022 3678 reperiatur:
3111 3575 3328 3680 quin
3404 3605 3458 3656 e

1113 3689 1505 3756 contrario
1521 3732 1546 3765 ,
3523 3745 3524 3750 ,

1313 3803 1676 3868 Devenere
1709 3791 1890 3867 locos
1905 3846 1924 3874 ‚
1967 3789 2052 3870 δί
2101 3797 2506 3871 canticam
2557 3817 2796 3875 omnes
2817 3850 2839 3884 ‚
2902 3799 2983 3875 81
3049 3799 3464 3902 considere
3513 3857 3525 3898 .-

1004 3931 1012 3980 ι
1106 3898 1355 3990 duces,
1397 3921 1658 4006 aperte
1691 3925 1834 3980 nos
1895 3899 2268 3990 doceant,
2307 3903 2501 3984 nihil
2541 3899 2827 3986 horum
2864 3905 2961 3986 ad
3002 3906 3204 3988 duos
3247 3940 3466 4019 per.
3521 3899 3525 3980 Ῐ

1098 4013 1394 4094 tinere:
1482 4017 1757 4096 Dixere
1797 4038 2111 4123 quoque
2133 4066 2163 4110 ‚
2216 4037 2663 4129 quanquam
2701 4015 2783 4101 id
2822 4023 3227 4103 Antonius
3263 4030 3472 4109 Ru·
3505 4008 3523 4103 Ϊ
