3557 5113
429 181 1132 455 Dema.
1176 217 1890 419 orat-oria,
1923 240 2222 442 Lib.
2248 269 2255 276 ·
2281 242 2467 403 X.
2757 235 2969 395 '635‘

296 565 576 650 venire
636 590 737 645 eo
780 558 1012 643 debet
1053 615 1081 654 ,
1147 583 1235 645 ut
1271 557 1645 672 cogitatio
1697 592 1869 652 nou-
1907 571 2174 682 utique
2212 569 2501 652 melior
2520 566 2616 653 fit
2653 557 2842 656 Ου’.
2863 557 3061 664 vll-³

295 706 401 761 ea
447 733 473 770 ,
538 676 667 759 sed
729 678 972 758 tutior
1036 710 1064 767 ,-
1182 704 1366 761 cum
1443 677 1641 760 hanc
1697 675 2157 765 facilitatem
2202 737 2228 776 ‚
2298 711 2463 767 non
2531 690 2618 769 in

295 789 533 900 prosa
581 788 831 871 modo
880 787 1118 872 multi
1198 790 1648 879 consecuti,
1727 791 1859 875 sed
1898 799 2132 878 etiam
2203 798 2286 876 in
2334 800 2617 879 carmi·
2728 876 2733 884 .

296 932 408 986 ne
452 961 476 992 ,
567 925 655 983 ut
709 904 1121 1011 Antipater
1157 902 1523 1014 Sidonius
1543 933 1546 936 ·
1567 959 1592 996 ,
1693 910 1773 986 8<
1837 898 2181 991 Licinius
2253 910 2602 992 Archias*

297 1014 814 1100 Credendum
894 1016 1109 1096 enim
1167 1020 1532 1099 Ciceroni
1605 1015 1714 1097 est
1773 1053 1799 1095 .·
1886 1048 2049 1102 non
2110 1022 2285 1132 quia
2338 1022 2620 1104 nostris

297 1157 623 1240 quoque
674 1128 1155 1235 temporibus
1221 1157 1384 1210 non
1444 1133 1524 1211 δε
1593 1129 1923 1212 fecerint
1984 1135 2305 1243 quidam
2349 1135 2504 1217 hoc
2536 1139 2619 1218 δε

295 1245 589 1326 faciant
627 1296 655 1336 ,
719 1239 935 1351 quod
1000 1261 1266 1332 tamen
1322 1239 1572 1349 ipfinm
1632 1268 1799 1324 non
1836 1264 2001 1324 tam
2037 1246 2433 1354 probabile
2525 1275 2610 1330 u-

299 1369 398 1440 to'
432 1367 464 1453 (
500 1354 1026 1466 nequeenim
1086 1352 1336 1436 habet·
1373 1367 1518 1435 a'ut'
1548 1352 1772 1440 usum
1834 1383 1958 1438 res
2034 1380 2161 1440 aut
2225 1385 2413 1440 nece
2482 1382 2621 1442 ita-

297 1491 474 1551 tem
516 1480 548 1567 )
600 1487 837 1576 quam
889 1464 1391 1556 exhortandis
1445 1469 1529 1548 in
1589 1467 1791 1548 hane
1837 1468 2055 1577 spem
2109 1527 2134 1557 ‚
2214 1475 2353 1580 qui
2438 1470 2619 1552 foro

293 1585 857 1691 praeparantur,
917 1573 1107 1659 utile
1162 1579 1639 1688 exemplum.
1738 1585 2020 1692 Neque
2078 1611 2272 1666 vero
2326 1605 2665 1680 tantamv

293 1696 454 1777 effe
515 1720 862 1803 unquam
912 1689 1280 1773 fiduciam
1333 1692 1717 1774 facilitatis
1775 1695 2018 1777 velim
2045 1753 2068 1787 ,
2128 1720 2216 1778 ut
2252 1724 2415 1779 non
2457 1698 2625 1779 bre-

295 1809 403 1893 ve
471 1807 738 1888 saltem
799 1826 1104 1912 tempus
1146 1833 1182 1890 ,·
1235 1805 1447 1916 quod
1495 1806 1875 1916 nusquam
1926 1809 2087 1889 fere
2127 1808 2379 1891 deerit
2435 1867 2460 1902 ,
2527 1807 2627 1891 ad

294 1950 398 2004 ea
447 1917 634 2114 gila:
673 1916 957 1999 dietari
993 1913 1310 2003 sumus,
1373 1917 1843 2026 dispicienda
1898 1920 2337 2023 sumamus;
2413 1919 2629 2034 quod

296 2031 633 2144 quiem
704 2034 791 2113 in
833 2027 1135 2132 judiciis
1194 2058 1282 2111 ac
1338 2029 1516 2111 foro
1578 2030 1806 2112 datur
1875 2033 2198 2143 semper.
2342 2029 2635 2144 Neque

288 2153 524 2229 enim
565 2144 987 2257 'quisquam
1051 2141 1164 2222 est
1193 2199 1218 2235 ‚
1293 2145 1429 2251 qui
1479 2142 1777 2225 causam
1832 2159 2081 2254 quam'
2107 2161 2269 2228 non
2332 2146 2633 2229 didicea

290 2269 412 2343 rit
450 2315 476 2352 ,
551 2269 753 2366 agat.
871 2254 1461 2336 Declamatores
1519 2255 1898 2366 quosdam
1958 2257 2313 2366 perversa
2406 2258 2623 2342 ducit

293 2371 635 2454 ambitio
702 2426 727 2463 ,
792 2391 881 2462 ut
912 2367 1287 2476 *exposita
1339 2367 1862 2452 controverfia
1938 2373 2295 2478 protinus
2358 2368 2619 2453 dicere

292 2486 559 2573 'velint
602 2519 625 2565 .·
680 2486 873 2594 quin
925 2485 1212 2576 etiam,
1257 2482 1475 2592 quod
1512 2483 1738 2563 estin
1796 2486 2082 2590 primis.
2130 2465 2504 2568 frivolum
2530 2511 2619 2567 ac

286 2603 698 2685 Icenicum
750 2652 774 2688 ,
825 2594 1155 2678 {terbum
1210 2617 1480 2704 petant
1536 2623 1698 2706 quo
1752 2598 2142 2704 incipiantss
2242 2595 2388 2680 Sed
2446 2620 2612 2678 tam
2750 2600 2757 2608 ’

289 2708 910 2797 contumeliosos
977 2712 1062 2790 in
1133 2707 1206 2790 se
1270 2707 1474 2789 ridet
1556 2713 1898 2791 invicem
1951 2710 2398 2818 eioquentia
2459 2742 2477 2791 :
2535 2714 2620 2790 δε

294 2829 449 2938 qui
503 2824 748 2905 stultis
786 2821 1035 2905 vider-i
1083 2821 1369 2903 eruditi
1401 2823 1727 2914 volunt,
1760 2821 1972 2911 stulti
2009 2823 2322 2905 eruditis
2350 2821 2615 2904 viden-

293 2966 455 3023 tur.
513 3030 520 3033 ,
571 2940 645 3017 si
686 2962 838 3045 qua
876 2957 1141 3015 tamen
1172 2934 1485 3015 fortuna
1523 2960 1685 3015 tam
1712 2932 2041 3016 subitam
2064 2937 2349 3017 ⁷fecerit
2386 2961 2618 3040 agen-

288 3053 388 3137 di
452 3046 971 3132 necessitatem
1006 3102 1034 3139 ,
1100 3047 1516 3128 mobiliore
1575 3047 1917 3155 quodam
1975 3074 2172 3153 opus
2213 3049 2375 3142 erit:
2405 3051 2621 3152 inge-

297 3170 450 3259 nio
486 3221 508 3257 ‚
558 3164 638 3243 δ’(
681 3164 796 3255 vis
851 3163 1108 3240 omnis
1169 3157 1648 3247 intendenda
1681 3160 1907 3239 rebus
1962 3169 1996 3251 ',
2069 3163 2263 3240 &in
2297 3159 2625 3265 praesen-

295 3284 423 3362 tia
471 3273 1027 3357 remittendum
1077 3270 1366 3380 aliquid
1423 3299 1519 3351 ex
1561 3299 1743 3352 cura
1786 3270 2255 3357 verborum,
2309 3268 2366 3350 si
2409 3269 2621 3379 sequi

305 3415 740 3497 utrumque
792 3397 955 3467 non
1013 3384 1345 3474 dabitur.
1423 3386 1633 3465 Tum
1693 3390 1773 3466 &
1834 3383 2129 3466 tardior
2170 3384 2623 3492 pronuncia-

311 3508 438 3585 tio
492 3529 744 3582 moras
795 3498 1076 3589 habet,
1135 3502 1212 3579 &
1276 3496 1620 3605 suspensa
1673 3525 1759 3579 ae
1795 3498 2011 3580 velut
2052 3490 2407 3578 dubitans
2451 3522 2623 3575 ora·

320 3619 442 3698 tio
489 3651 511 3694 .·
558 3638 640 3709 ut
694 3637 956 3693 tamen
993 3610 1437 3692 'deliberare
1482 3666 1507 3702 ‚
1577 3634 1741 3691 non
1796 3609 2153 3713 haefitare,
2208 3607 2632 3691 videamur.

310 3732 544 3814 Hoc,
587 3725 779 3807 dum
812 3724 1257 3833 egredimur
1309 3752 1354 3803 e
1425 3746 1720 3830 portu,
1818 3721 1875 3805 sl
1933 3751 2076 3805 nos
2133 3718 2515 3805 nondum'
2551 3746 2633 3799 a-

185 3915 204 3925 -
297 3843 564 3953 ·ptatis
611 3840 780 3937 satis
829 3842 1328 3919 armamentis
1348 3860 1520 3944 aget
1566 3861 1842 3921 ventus
1882 3868 1899 3917 ε
1938 3834 2222 3918 deinde
2259 3832 2637 3944 paulatim

287 3952 557 4041 simul
591 3972 864 4071 euntes
898 3952 1352 4144 aptabimui
1369 3949 1564 4143 heia,
1610 3956 1687 4033 &
1709 3944 2207 4059 disponem‘us
2246 3942 2629 4140 rudgcntes‘.

2487 4083 2631 4138 lm.
