3557 5113
333 269 581 438 De·
627 263 1060 480 bqstit.
1106 275 1828 458 Oratoria,
1867 272 2166 434 Lib.
2215 276 2318 431 Ι.
2631 304 2766 415 71

180 586 455 681 inultos
499 622 842 711 quorum
872 591 1288 710 ‘su'perc'iiia
1340 594 1436 683 ad
1489 595 1825 712 singulos·
1869 612 2082 688 vocis
2140 630 2462 689 conatus
2492 631 2557 710 c
2578 650 2705 714 n.
2741 622 2886 714 xl:

183 713 682 819 allevarentur
703 770 725 803 ‚
777 713 1113 794 aliorum
1150 713 1591 796 constrista:
1684 717 2019 798 aliorum
2053 723 2289 801 etiam
2327 719 2467 800 diss

182 823 479 905 fidentia
498 881 520 914 ‚
553 844 738 904 eum
793 826 1041 906 altero
1101 830 1183 906 in
1230 832 1606 909 verticem
1671 823 2079 910 tenderent
2109 885 2132 919 ,
2217 831 2466 913 altero

184 962 360 1043 pene
416 934 688 1015 ocuhis
732 936 893 1041 ⁴ipse
951 957 1455 1044 premeretur.
1551 938 1955 1020 Infinitum
2009 963 2317 1033 autem,
2374 964 2462 1025 ut

180 1066 355 1129 mox
405 1048 755 1127 dicemus
778 1103 800 1136 ‚
867 1055 947 1126 in
998 1048 1113 1128 his
1156 1070 1475 1159 quoque
1519 1048 1761 1130 rebus‘
1792 1072 2291 1133 momentum
2327 1054 2455 1133 est.

188 1161 270 1239 Et
308 1160 502 1239 nihil
550 1159 807 1266 potest
863 1159 1163 1266 placere
1201 1215 1226 1253 ,
1284 1159 1510 1269 quod
1566 1182 1730 1241 non
1803 1162 2044 1243 decet.
2204 1165 2463 1246 Debet

193 1276 401 1348 etiam
451 1270 740 1349 docere
790 1270 1189 1351 comoedus
1245 1270 1657 1379 ‘quomodo
1716 1272 2184 1355 narrandum
2207 1331 2229 1364 ‚
2309 1302 2461 1382 qua

185 1380 269 1461 fit
299 1384 742 1461 austoritate
784 1379 1292 1462 suadendum:
1358 1409 1510 1490 qua
1562 1387 2080 1465 concitatione
2151 1385 2461 1465 consur-

194 1512 315 1599 gat
352 1496 492 1584 ira,
544 1492 685 1602 qui
738 1484 980 1573 flexus
1052 1491 1317 1573 deceat
1370 1492 1968 1575 miserationem.
2069 1496 2307 1595 Qod
2361 1501 2463 1575 ita

197 1606 469 1708 optime
504 1606 733 1686 faciet
757 1661 779 1694 ‚
836 1603 893 1684 fi
951 1628 1203 1684 certos
1245 1630 1341 1684 ex
1402 1603 1808 1685 comoediis
1847 1606 2169 1710 elegerit
2217 1607 2461 1695 locos,

191 1715 398 1797 &ad
451 1718 604 1797 hoc
660 1717 1007 1795 maxime
1067 1714 1389 1796 idoneos
1430 1772 1451 1801 ,
1509 1715 1590 1795 id
1630 1716 1740 1795 est
1787 1716 2205 1797 actionibus
2256 1714 2462 1795 fimi-

191 1826 303 1907 les.
442 1827 696 1908 Iidem
763 1848 1027 1907 autem
1090 1850 1253 1906 non
1309 1826 1407 1908 ad
1484 1826 2162 1934 pronunciandum
2211 1826 2460 1907 modo

194 1934 540 2020 utiliffimi
556 1994 581 2032 ,
634 1960 937 2020 verum*
959 1936 1056 2018 ad
1094 1931 1528 2045 augendam
1577 1960 1890 2048 quoque
1934 1939 2462 2047 eloquentiam

191 2054 502 2132 {mxime
559 2048 1131 2131 accommodati
1187 2070 1435 2130 erunt.
1526 2055 1619 2128 Et
1656 2051 1857 2140 haec,
1887 2126 1890 2129 .
1924 2049 2116 2131 dum
2156 2050 2467 2129 infirma

180 2178 344 2244 zetas
395 2167 692 2269 majora
741 2186 907 2242 non
949 2166 1220 2268 capiet.
1316 2162 1704 2241 Caeterum
1756 2185 1956 2241 cum.
1986 2162 2243 2268 legere
2296 2187 2468 2239 ora-

190 2278 420 2355 tiones
477 2272 875 2382 oportebit
914 2331 937 2365 ,
999 2292 1182 2353 cum
1222 2273 1544 2354 virtutes
1591 2298 1860 2352 earum
1921 2275 2079 2374 jam
2146 2270 2464 2364 sentiet,

180 2398 354 2465 tum
389 2389 577 2465 mihi
608 2383 934 2492 diligens
978 2385 1248 2494 aliquis
1303 2408 1392 2463 ac
1448 2387 1740 2490 peritus
1800 2377 2116 2462 assistat:
2209 2404 2470 2491 neque

186 2490 428 2577 solum
483 2497 809 2578 lestione
863 2497 1153 2577 formet
1186 2552 1210 2587 ‚
1273 2497 1793 2580 verumetiam
1850 2483 2182 2574 ediscere
2222 2491 2462 2575 elcsta

185 2615 277 2689 cx
333 2611 446 2691 his
489 2632 718 2717 cogat
753 2667 776 2701 ,
843 2616 922 2692 &
969 2636 1065 2689 ea
1105 2607 1361 2688 dicere
1419 2607 1748 2688 stantem
1807 2606 2153 2696 clare,&
2183 2632 2454 2712 quem-

187 2715 616 2803 admodum·
658 2742 887 2827 agere
970 2717 1368 2827 oportebit
1406 2750 1423 2797 z
1523 2740 1610 2798 ut
1689 2721 2042 2826 protinus
2110 2734 2454 2824 pronun-

197 2835 471 2914 tiatione
497 2857 799 2916 ‘vocem
833 2839 911 2914 ὅ(
955 2835 1422 2911 memoriam
1458 2851 1831 2910 exerceat.
1924 2826 2047 2909 Ne
2082 2827 2255 2908 illos
2295 2831 2458 2935 qui-

193 2936 347 3025 dem
380 2939 1064 3054 reprehendendos
1115 2962 1386 3049 putem
1411 2967 1461 3030 ‚·
1492 2943 1627 3049 qui
1691 2936 2010 3046 paulum
2062 2943 2299 3020 etiam
2325 2961 2459 3045 pa-

193 3049 481 3140 Iaestrieis
527 3060 999 3141 vacaverint.
1036 3081 1041 3086 “
1090 3061 1278 3136 Non
1313 3050 1410 3131 de
1444 3048 1560 3132 his
1600 3051 1925 3159 loquor,
1965 3050 2240 3159 quibus
2279 3071 2457 3157 pars

191 3169 351 3247 vita:
410 3173 485 3250 in
526 3170 762 3259 oleo,
839 3189 1012 3274 pars
1080 3167 1162 3246 in
1236 3159 1425 3246 vino
1476 3159 1956 3242 consumitur
1991 3216 2016 3252 ‚
2093 3165 2230 3270 qui
2291 3178 2456 3240 cor-

195 3303 439 3380 porum
487 3309 683 3362 cura
734 3302 1082 3360 mentem
1134 3277 1562 3357 obruerunt
1599 3303 1616 3349 t
1709 3273 1897 3366 (hos
1946 3274 2157 3350 enim
2214 3269 2457 3351 abesse

199 3389 273 3467 ab
296 3419 381 3472 eo
412 3418 665 3500 quern
694 3387 1161 3471 instituimus
1183 3445 1205 3479 ,
1264 3408 1502 3494 quam
1532 3381 1972 3497 longissime
2014 3381 2300 3480 velim)
2325 3375 2458 3461 sed

208 3523 445 3584 nomen
508 3505 626 3584 est
694 3502 909 3581 idem
972 3506 1058 3604 ijs
1109 3523 1153 3580 a
1195 3494 1466 3607 quibus
1526 3494 1775 3602 gestus
1821 3494 2226 3601 motusque
2295 3493 2457 3573 for-

215 3634 427 3695 mauit.
534 3633 627 3695 ut
677 3616 887 3694 resta
932 3612 1076 3692 smt
1123 3610 1430 3692 brachia
1455 3665 1478 3697 ‚
1543 3633 1642 3686 ne
1692 3605 2022 3686 indossae
2066 3606 2456 3685 rusticaeve

219 3744 431 3803 manus
450 3781 471 3816 ‚
531 3755 640 3807 ne
698 3724 932 3804 status
978 3721 1386 3802 indecorus
1413 3775 1435 3808 ‚
1494 3743 1593 3796 ne
1640 3744 1788 3824 qua
1838 3721 1921 3796 in
1966 3712 2454 3822 proferendis

204 3829 477 3932 pedibus
514 3837 823 3918 inscitia
850 3891 870 3918 ,
936 3856 1034 3914 ne
1084 3854 1309 3939 caput
1360 3829 1718 3936 oculique
1768 3830 1864 3907 ab
1911 3829 2057 3908 alia
2105 3829 2455 3933 corporis

196 3943 652 4029 inclinatione
709 3943 1142 4026 diffideant.
1198 3951 1406 4022 Nam
1453 3963 1703 4047 neque
1766 3939 1919 4020 hoc
1966 3939 2114 4020 effe
2159 3943 2242 4017 in
2283 3964 2458 4042 par-

197 4073 261 4158 tt
292 4059 953 4165 pronuntiationis
1014 4055 1419 4253 negaver}
1455 4053 1857 4162 quisquam
1900 4106 1926 4149 ,
2008 4077 2155 4156 nec
2224 4045 2468 4153 ipsam

2287 4178 2474 4264 Pso‘·
