3557 5113
291 288 543 528 De
598 194 1035 500 lfflz‘r.
1080 295 1784 467 Oratoria,
1818 294 2110 450 Lib.
2146 297 2335 455 V,
2585 309 2795 419 261
2828 290 2834 295 ’

234 617 538 710 accusari,
608 619 925 699 sciamus
972 619 1117 699 ess'e
1174 618 1554 702 ufitatum.
1672 630 1879 703 Cum
1932 625 2020 705 fit
2070 648 2327 706 autem
2383 631 2464 706 in
2492 633 2678 706 Can.
2728 630 2825 709 V.
2876 625 2887 635 ’

233 731 320 808 his
349 754 453 808 aut
509 729 748 829 scelus
801 730 1313 837 signatorum,
1359 757 1491 812 aut
1530 736 2006 840 ignorantia:
2104 742 2336 817 tutius
2378 767 2465 820 ac

232 840 458 919 facilius
517 839 601 919 id
671 840 880 948 quod
957 841 1294 922 secundo
1362 843 1541 923 loco
1604 842 1941 925 diximus
1980 903 2001 937 ‚
2057 850 2461 941 traiciatur,

228 950 392 1056 quod
431 956 822 1056 pauciores
859 957 968 1031 rei
1009 948 1249 1033 fiunt.
1347 953 1495 1033 Sed
1536 955 1685 1034 hoc
1719 956 1967 1061 ipsum
2010 984 2462 1062 argumenta

230 1090 299 1140 ex
344 1062 534 1141 causa
573 1065 806 1142 trahit
833 1118 855 1153 ,
905 1062 962 1143 s1
1013 1064 1215 1144 forte
1270 1088 1400 1144 aut
1445 1064 1892 1145 incredibile
1940 1067 2048 1146 est
2086 1068 2166 1146 id
2203 1071 2459 1148 adium

228 1172 332 1250 esic
372 1173 577 1280 quod
629 1175 900 1255 tabulae
942 1179 1345 1255 continent
1369 1210 1390 1270 3
1440 1197 1569 1255 aut
1616 1185 1646 1271 (
1664 1198 1748 1255 ut
1775 1177 2242 1285 frequentius
2285 1208 2460 1259 eve-

227 1287 352 1378 nit)
396 1287 550 1363 aliis
576 1287 1158 1392 probationibus
1195 1313 1409 1393 aeque
1459 1286 2052 1387 inartificialibus
2103 1288 2454 1370 solvitur:

224 1394 261 1471 fi
295 1418 400 1473 aut
438 1402 497 1475 is
543 1399 624 1474 in
665 1423 903 1502 quem
963 1396 1338 1503 signatum
1399 1400 1507 1476 est
1525 1453 1549 1489 ,
1613 1421 1745 1476 aut
1797 1398 2068 1505 aliquis
2127 1397 2462 1504 signator

223 1503 454 1586 dicitur
513 1507 818 1586 abfuiffe
873 1510 997 1592 vel
1044 1511 1251 1613 prius
1312 1509 1456 1588 esse
1503 1508 1960 1589 defianCtus:
2026 1508 2457 1614 fitempora

219 1643 342 1693 non
387 1642 858 1723 congruunt:
936 1618 993 1699 fi
1052 1619 1173 1698 vel
1225 1617 1747 1699 antecedentia
1805 1617 1930 1698 vel
1986 1618 2460 1725 insequentia

220 1727 441 1807 tabulis
480 1753 935 1837 repugnant.
1025 1728 1394 1837 Inspefflo
1438 1730 1595 1837 ipsa
1653 1729 1847 1835 saepe
1893 1732 2130 1810 etiam
2179 1729 2451 1813 falsum

217 1836 693 1943 deprehendit.

346 2092 1099 2200 JUSJURANDUM
1158 2093 1582 2200 litigatores
1620 2113 1749 2172 aut
1800 2091 2137 2174 offerunt
2183 2093 2445 2187 suum,
2479 2112 2665 2190 Car.
2702 2108 2834 2189 vl.

208 2223 488 2283 autnon
541 2210 927 2311 recipiunt
981 2204 1374 2285 oblatum:
1442 2224 1570 2283 aut
1637 2204 1731 2283 ab
1791 2204 2219 2286 adversario
2286 2209 2447 2284 exi-

203 2336 397 2414 gunt,
461 2338 594 2396 aut
645 2315 989 2396 recusant
1046 2343 1225 2396 cum
1283 2315 1377 2394 ab
1424 2312 1596 2420 ipsis
1640 2316 2007 2418 exigatur.
2138 2314 2443 2394 Offerre

205 2420 382 2503 suum
427 2425 584 2506 sine
635 2427 766 2504 illa
806 2426 1257 2508 conditione
1278 2481 1301 2517 ‚
1350 2448 1434 2505 ut
1490 2423 1615 2506 vel
1672 2423 2134 2506 adversarius
2181 2428 2382 2526 juret
2420 2482 2443 2517 ,

202 2530 325 2613 fere
361 2539 807 2644 improbum
850 2539 979 2618 est.
1090 2542 1246 2640 Qu
1294 2562 1552 2618 tamen
1595 2534 1676 2615 id
1704 2534 1963 2627 faciet,
2014 2560 2143 2616 aut
2176 2540 2330 2619 vita
2366 2537 2441 2618 st:

204 2648 538 2740 tuebitur,
612 2672 698 2728 ut
746 2677 926 2729 eum
965 2675 1128 2729 non
1154 2648 1246 2728 fit
1298 2646 1664 2728 credibile
1707 2650 2273 2753 pejeraturum:
2319 2671 2448 2729 aut

200 2757 320 2858 ipsa
365 2764 436 2840 vi
497 2760 936 2865 religionis3
1014 2763 1098 2838 in
1158 2787 1310 2866 qua
1349 2759 1519 2865 plus
1562 2757 1746 2839 fidei
1789 2759 2296 2866 consequetur
2311 2790 2343 2851 ·,
2388 2757 2447 2840 si

195 2863 259 2944 id
298 2875 522 2975 egerit
545 2929 569 2961 ‚
617 2894 703 2952 ut
751 2897 913 2951 non
958 2869 1235 2978 cupide
1276 2869 1372 2951 ad
1419 2872 1571 2950 hoc
1621 2868 2117 2954 descendere,
2175 2869 2304 2951 sed
2346 2896 2471 2982 ne¹

197 2975 316 3059 hoc
363 2983 684 3089 quidem
734 2980 1074 3064 recusare
1130 2979 1527 3064 videatur:
1621 3003 1750 3060 aut
1807 2979 1865 3059 si
1917 2980 2132 3061 causa
2196 2979 2447 3062 modo

196 3095 480 3188 patietur
525 3097 736 3182 litis,
820 3115 1143 3200 propter
1188 3119 1422 3200 quam
1480 3091 1900 3173 devoturus
1956 3091 2028 3170 se
2078 3090 2234 3197 ipse
2289 3119 2453 3171 non

197 3195 436 3285 fuerit:
535 3230 672 3287 aut
726 3203 782 3283 fi
826 3226 1100 3312 praeter
1152 3204 1295 3282 alia
1362 3200 1596 3281 causae
1635 3201 2141 3280 instrumenta
2194 3200 2452 3298 adjicit
2520 3273 2525 3278 .

196 3335 271 3388 ex
312 3317 718 3398 abundanti
759 3317 953 3396 hanc
989 3341 1302 3423 quoque
1346 3312 1825 3392 conscientiae
1865 3311 2007 3391 suae
2048 3310 2438 3391 fiduciam.

199 3422 320 3519 Qi
356 3456 506 3509 non
546 3432 921 3533 recipiet,
979 3431 1056 3508 ὅ(
1091 3428 1432 3532 iniquam
1470 3421 2044 3511 conditionem,
2082 3429 2161 3504 &
2195 3423 2454 3501 amul-

203 3531 695 3621 tiseontemni
751 3536 1234 3641 jurisjurandi
1289 3557 1594 3615 metum
1643 3532 1884 3614 dicet:
1985 3562 2160 3614 cum
2212 3537 2452 3613 etiam

201 3640 582 3757 philosophi
646 3649 964 3758 quidam
1004 3647 1150 3728 fint
1206 3649 1527 3752 reperti,
1572 3650 1705 3752 qui
1757 3645 1943 3725 deos
2002 3645 2279 3724 habere
2323 3672 2452 3723 cu·
2540 3707 2545 3711 .

198 3776 329 3832 mm
385 3790 654 3856 rerum
712 3761 1224 3841 humanarum
1279 3781 1705 3862 negarent:
1799 3785 1980 3836 eum
2052 3784 2241 3836 vero
2312 3758 2449 3862 qui

184 3867 363 3947 nullo
405 3863 821 3953 deferente
877 3875 1118 3970 jurare
1152 3867 1243 3948 sit
1295 3890 1640 3975 paratus,
1682 3867 1754 3946 se
1813 3866 2062 3974 ipsum
2103 3865 2301 3947 velle
2352 3863 2452 3946 de

181 3978 360 4094 taust
392 3985 518 4068 sua
559 3986 1089 4093 pronunciare
1104 4036 1129 4074 ‚
1193 3985 1274 4063 &
1308 3979 1658 4189 ῗαὲτιξά
1691 3976 1904 4090 quod
1956 3977 2184 4061 offert
2207 4033 2229 4063 ,
2274 3976 2475 4167 legg*
