3557 5113
768 270 994 411 576
1185 259 1871 400 ‚'M.FA1311
1975 265 3158 402 qunacriLmNi

675 579 863 660 cm».
887 591 1017 672 lv.
1082 574 1486 658 mensura,
1534 578 1613 654 δε
1654 568 2004 652 similiter
2036 567 2610 667 decurrentium
2661 569 3083 678 spatiorum
3115 569 3355 652 obser·

1084 693 1399 790 vatione
1441 683 1586 767 effe
1622 705 2082 790 generatum
2123 733 2144 769 ,
2238 707 2426 762 mox
2465 686 2546 761 in
2580 710 2680 763 eo
2726 709 3076 790 repertos
3116 682 3359 791 pedes.

1092 804 1284 885 Satis
1321 801 1554 908 igitur
1592 800 1673 874 in
1711 794 1868 876 hoc
1931 820 2075 874 nos
2129 803 2551 900 componet
2599 796 2949 875 multum
2997 794 3365 878 scribendi

1091 915 1575 996 exercitatio,
1641 929 1724 988 ut
1774 935 1874 986 ex
1925 928 2286 1011 tempore
2324 910 2560 986 etiam
2605 905 2876 987 similia
2933 907 3363 990 fundamus·

1082 1032 1360 1132 Neque
1402 1047 1594 1104 vero
1633 1041 1796 1100 tam
1825 1018 1970 1097 sint
2005 1018 2353 1097 intuendi
2400 1016 2635 1124 pedes
2690 1047 2921 1127 quam
3026 1020 3362 1102 universa

1083 1130 1681 1242 comprehensio
1725 1163 1743 1209 z
1794 1153 1879 1210 ut
1923 1129 2227 1211 versum
2259 1130 2646 1219 facientes,
2693 1128 2950 1211 totum
2994 1135 3225 1213 iilum
3247 1130 3362 1210 de-

1088 1248 1399 1343 cursum
1442 1301 1466 1337 ,
1514 1270 1676 1322 non
1707 1242 1834 1340 seit
1869 1242 1994 1322 vel
2023 1245 2363 1349 quinque
2404 1267 2655 1348 partes
2719 1271 2813 1323 ex
2864 1247 3140 1351 quibus
3197 1272 3359 1323 con-

1085 1361 1229 1443 stat
1268 1357 1565 1445 versus,
1616 1353 2006 1461 aspiciunt.
2089 1358 2295 1432 Ante
2344 1358 2554 1433 enim
2594 1381 2907 1435 carmen
2928 1381 3205 1438 ortum
3240 1357 3358 1445 est,

1086 1499 1330 1585 quam
1363 1469 1793 1552 observatio
1825 1467 2205 1545 carminis.
2253 1462 2591 1573 Indeque
2620 1465 2841 1557 illud,-

1381 1655 1609 1730 Fauni
1641 1644 1968 1753 vatesque
2007 1642 2372 1728 canebant.

1087 1798 1299 1897 ,Ergo
1330 1817 1568 1898 quem
1611 1792 1692 1868 in
1730 1793 2088 1891 poemate
2132 1783 2394 1868 locum
2427 1784 2656 1866 habet
2689 1785 3165 1872 versificatio,
3191 1814 3355 1867 eum

1096 1904 1180 1981 in
1220 1903 1588 1980 oratione
1642 1895 2126 2003 compositio.
2228 1898 2556 2001 Optime
2589 1920 2848 1975 autem
2880 1898 2984 1977 de
3015 1901 3135 1978 ifla
3169 1898 3353 1986 judi-

1088 2033 1272 2093 cant
1312 2038 1529 2092 aures
1568 2066 1591 2094 ‚
1632 2036 1803 2117 quae
1837 2013 1914 2090 ὅ(
1955 2007 2173 2114 plena
2216 2006 2551 2088 sentiunt
2576 2063 2599 2097 ,
2638 2013 2715 2088 ὅ(
2752 2036 3029 2115 parum
3070 2010 3350 2115 expieta

1082 2121 1547 2213 desiderant,
1580 2127 1660 2202 &
1688 2118 2000 2227 fragosis
2038 2117 2542 2199 offenduntur
2591 2175 2615 2209 ,
2689 2125 2767 2202 ὅ(
2800 2119 3103 2202 lenibus
3174 2119 3359 2202 mul-

1081 2258 1416 2328 centur,
1454 2241 1534 2317 &
1568 2234 1943 2315 contortis
1995 2233 2428 2318 excitantur
2470 2287 2494 2321 ,
2550 2235 2649 2318 .&
2693 2230 2978 2313 stabilia
3010 2237 3361 2338 probant.

1088 2348 1363 2430 clauda
1408 2343 2043 2453 deprehendunt,
2108 2340 2607 2422 redundantia
2654 2349 2728 2424 &
2775 2347 3012 2424 nimia
3100 2343 3364 2424 fastidi-

1079 2480 1260 2541 unt.
1388 2458 1729 2566 Ideoque
1786 2456 1995 2542 dosti
2067 2456 2453 2533 rationem
2504 2454 3028 2564 componendi
3097 2457 3360 2537 inteni-

1095 2592 1332 2681 guuc,
1396 2569 1689 2650 indoffl
1744 2568 2246 2674 voluptatem.
2357 2568 2729 2671 Qaedam
2762 2597 2953 2650 vero
2982 2589 3155 2650 arte
3188 2570 3401 2655 tradi·

1081 2711 1258 2767 :non
1351 2679 1674 2786 poss'unt.
1785 2677 2195 2759 Mutandus
2257 2678 2367 2757 est
2409 2677 2653 2768 casus,
2716 2678 2772 2759 si
2814 2679 3083 2761 durius
3124 2686 3188 2761 is
3220 2708 3366 2789 quo

1095 2820 1577 2900 coeperamus
1658 2792 1968 2872 feratur.
2077 2795 2297 2870 Num
2338 2793 2421 2870 in
2472 2817 2709 2897 quem
2750 2792 3231 2873 transeamus
3281 2820 3362 2871 ex

1095 2934 1258 3013 quo
1291 2906 1587 3009 praecipi
1623 2900 1912 3009 potest?
1990 2903 2302 3006 Figurae,
2342 2903 2717 2983 laboranti
2751 2909 2990 2983 etiam
3055 2925 3371 3011 compo—

1099 3019 1356 3097 fitioni
1397 3019 1690 3124 variatae
1735 3013 1926 3119 saepe
1961 3011 2426 3093 succurrunt.
2522 3018 2716 3118 Qae
2755 3042 2939 3095 cum
3000 3020 3367 3098 orationis

1087 3128 1263 3215 sint,
1284 3149 1452 3207 tum
1486 3130 1722 3206 etiam
1759 3123 2188 3216 sententiae,
2237 3152 2427 3203 num
2470 3126 2997 3231 praeseriptum
3053 3137 3229 3227 ejus
3269 3132 3365 3206 rei

1089 3240 1333 3321 ullum
1368 3238 1538 3318 est?
1582 3235 2126 3323 Occafionibus·
2160 3234 2569 3330 utendum,
2611 3244 2688 3319 ὅ(
2729 3266 3020 3317 cumre
3064 3241 3371 3347 praesen-

1002 3379 1011 3387 ·
1092 3356 1154 3430 ti
1192 3346 1794 3431 deliberandum.
1862 3348 2282 3427 Enimvero
2336 3346 2568 3453 spatia
2613 3348 2767 3454 ipsa
2805 3404 2829 3434 .
2894 3375 3078 3456 quae
3120 3356 3207 3432 in
3248 3354 3371 3430 hac

1069 3458 1412 3569 quidem
1442 3483 1654 3566 parte
1691 3460 2116 3564 plurimum
2153 3459 2457 3550 valent,
2506 3458 2720 3566 quod
2753 3458 3033 3566 poffint
3088 3462 3241 3547 nifi
3270 3492 3376 3544 au-

1085 3577 1298 3653 rium
1344 3572 1622 3651 habere
1659 3568 2029 3670 judicium
2092 3577 2129 3648 ?
2195 3576 2357 3649 Cur
2388 3570 2533 3649 alia
2588 3573 3077 3676 paucioribus
3137 3576 3373 3659 verbis

1065 3682 1261 3764 ,satis
1299 3681 1570 3787 plena,
1620 3682 1742 3762 vel
1774 3683 2127 3765 nimium.
2174 3680 2316 3761 alia
2372 3682 2711 3787 pluribus
2785 3684 3051 3769 brevia
3121 3694 3211 3770 δε
3262 3690 3377 3768 ab·

1087 3790 1291 3873 sciss'a
1323 3792 1539 3873 sunt?
1603 3798 1761 3872 Cur
1803 3796 1884 3870 in
1917 3790 2689 3881 circumductionibus
2720 3797 2982 3883 etiam,
3004 3824 3202 3879 cum
3223 3798 3377 3878 sen-

1075 3902 1206 3986 2sus
1244 3901 1501 3982 finitus
1544 3901 1654 3981 est
1696 3956 1720 3992 ‚
1824 3900 2114 4009 aliquid
2150 3924 2411 3983 tamen
2475 3903 2631 3985 loci
2677 3932 2951 3988 vacare
3005 3910 3375 3991 videtu-2

1095 4023 1485 4126 Qmimm
1515 4015 1816 4120 vestrum
1859 4023 2186 4130 {gnorare
2222 4014 2537 4113 arbitror
2561 4070 2587 4108 ‚
2612 4018 2905 4139 suflices,
2937 4076 2962 4108 ,
3009 4019 3202 4113 hunc
3230 4044 3363 4127 per

3186 4127 3374 4240 hosa
