<?xml version="1.0" encoding="UTF-8"?>
<!DOCTYPE html PUBLIC "-//W3C//DTD XHTML 1.0 Transitional//EN"
    "http://www.w3.org/TR/xhtml1/DTD/xhtml1-transitional.dtd">
<html xmlns="http://www.w3.org/1999/xhtml" xml:lang="en" lang="en">
 <head>
  <title>
</title>
<meta http-equiv="Content-Type" content="text/html;charset=utf-8" />
  <meta name='ocr-system' content='tesseract 3.04.00' />
  <meta name='ocr-capabilities' content='ocr_page ocr_carea ocr_par ocr_line ocrx_word'/>
</head>
<body>
  <div class='ocr_page' id='page_1' title='image "./deinstitutioneo00obregoog_0449.png"; bbox 0 0 3557 5113; ppageno 0'>
   <div class='ocr_carea' id='block_1_1' title="bbox 307 194 2799 459">
    <p class='ocr_par' dir='ltr' id='par_1_1' title="bbox 307 194 2799 459">
     <span class='ocr_line' id='line_1_1' title="bbox 307 194 2799 459; baseline -0.002 -43"><span class='ocrx_word' id='word_1_1' title='bbox 307 247 549 417; x_wconf 82' lang='lat' dir='ltr'>De</span> <span class='ocrx_word' id='word_1_2' title='bbox 578 247 1026 459; x_wconf 76' lang='lat' dir='ltr'>Instit.</span> <span class='ocrx_word' id='word_1_3' title='bbox 1071 204 1783 432; x_wconf 55' lang='lat' dir='ltr'>Oidtoria,</span> <span class='ocrx_word' id='word_1_4' title='bbox 1816 232 2114 406; x_wconf 79' lang='lat' dir='ltr'>Lib.</span> <span class='ocrx_word' id='word_1_5' title='bbox 2154 198 2334 415; x_wconf 91' lang='lat' dir='ltr'>V.</span> <span class='ocrx_word' id='word_1_6' title='bbox 2438 194 2445 203; x_wconf 25' lang='grc'><strong>’</strong></span> <span class='ocrx_word' id='word_1_7' title='bbox 2569 294 2799 412; x_wconf 71' lang='grc' dir='ltr'>3οἳ</span> 
     </span>
    </p>
   </div>
   <div class='ocr_carea' id='block_1_2' title="bbox 117 573 2865 4261">
    <p class='ocr_par' dir='ltr' id='par_1_2' title="bbox 117 573 2865 4159">
     <span class='ocr_line' id='line_1_2' title="bbox 182 573 2864 700; baseline 0.006 -38"><span class='ocrx_word' id='word_1_8' title='bbox 182 585 270 662; x_wconf 75' lang='lat' dir='ltr'>ni.</span> <span class='ocrx_word' id='word_1_9' title='bbox 334 582 475 664; x_wconf 90' lang='lat' dir='ltr'>Cui</span> <span class='ocrx_word' id='word_1_10' title='bbox 528 584 641 662; x_wconf 88' lang='lat' dir='ltr'>rei</span> <span class='ocrx_word' id='word_1_11' title='bbox 711 580 1077 665; x_wconf 84' lang='lat' dir='ltr'>facillime</span> <span class='ocrx_word' id='word_1_12' title='bbox 1135 584 1472 663; x_wconf 86' lang='lat' dir='ltr'>occurrit</span> <span class='ocrx_word' id='word_1_13' title='bbox 1528 609 1628 662; x_wconf 84' lang='lat' dir='ltr'>ex</span> <span class='ocrx_word' id='word_1_14' title='bbox 1695 573 2180 671; x_wconf 78' lang='lat' dir='ltr'>diffimilibus</span> <span class='ocrx_word' id='word_1_15' title='bbox 2235 605 2691 700; x_wconf 66' lang='lat' dir='ltr'>argu-Cn».⁴</span> <span class='ocrx_word' id='word_1_16' title='bbox 2727 593 2864 678; x_wconf 76' lang='lat' dir='ltr'>XL</span> 
     </span>
     <span class='ocr_line' id='line_1_3' title="bbox 184 688 2865 813; baseline 0.005 -41"><span class='ocrx_word' id='word_1_17' title='bbox 184 700 565 774; x_wconf 86' lang='lat' dir='ltr'>mentatio:</span> <span class='ocrx_word' id='word_1_18' title='bbox 679 710 840 777; x_wconf 88' lang='lat' dir='ltr'>Non</span> <span class='ocrx_word' id='word_1_19' title='bbox 871 697 1061 777; x_wconf 80' lang='lat' dir='ltr'>idem</span> <span class='ocrx_word' id='word_1_20' title='bbox 1128 695 1223 801; x_wconf 87' lang='lat' dir='ltr'>est</span> <span class='ocrx_word' id='word_1_21' title='bbox 1265 695 1629 776; x_wconf 76' lang='lat' dir='ltr'>dominum</span> <span class='ocrx_word' id='word_1_22' title='bbox 1682 726 1846 777; x_wconf 85' lang='lat' dir='ltr'>cum</span> <span class='ocrx_word' id='word_1_23' title='bbox 1900 707 2162 782; x_wconf 78' lang='lat' dir='ltr'>ancilla</span> <span class='ocrx_word' id='word_1_24' title='bbox 2213 701 2401 813; x_wconf 75' lang='lat' dir='ltr'>cotffe</span> <span class='ocrx_word' id='word_1_25' title='bbox 2421 763 2448 793; x_wconf 83' lang='lat'><strong>.</strong></span> <span class='ocrx_word' id='word_1_26' title='bbox 2514 774 2521 778; x_wconf 91' lang='lat'><strong>.</strong></span> <span class='ocrx_word' id='word_1_27' title='bbox 2846 688 2865 697; x_wconf 45' lang='grc'><em>’</em></span> 
     </span>
     <span class='ocr_line' id='line_1_4' title="bbox 181 805 2446 927; baseline 0.006 -44"><span class='ocrx_word' id='word_1_28' title='bbox 181 806 349 915; x_wconf 80' lang='lat' dir='ltr'>quod</span> <span class='ocrx_word' id='word_1_29' title='bbox 371 806 735 888; x_wconf 78' lang='lat' dir='ltr'>dominam</span> <span class='ocrx_word' id='word_1_30' title='bbox 766 838 922 891; x_wconf 84' lang='lat' dir='ltr'>cum</span> <span class='ocrx_word' id='word_1_31' title='bbox 938 808 1190 917; x_wconf 73' lang='lat' dir='ltr'>se&#39;rzeo:</span> <span class='ocrx_word' id='word_1_32' title='bbox 1310 820 1453 887; x_wconf 85' lang='lat' dir='ltr'>Nec</span> <span class='ocrx_word' id='word_1_33' title='bbox 1470 805 1549 916; x_wconf 87' lang='lat' dir='ltr'><em>fi</em></span> <span class='ocrx_word' id='word_1_34' title='bbox 1588 817 1818 889; x_wconf 81' lang='lat' dir='ltr'>mutis</span> <span class='ocrx_word' id='word_1_35' title='bbox 1844 815 2040 918; x_wconf 82' lang='lat' dir='ltr'>finis</span> <span class='ocrx_word' id='word_1_36' title='bbox 2073 817 2395 927; x_wconf 67' lang='lat' dir='ltr'>voluptas</span> <span class='ocrx_word' id='word_1_37' title='bbox 2417 875 2446 904; x_wconf 81' lang='lat'>,</span> 
     </span>
     <span class='ocr_line' id='line_1_5' title="bbox 182 913 2443 1032; baseline 0.006 -37"><span class='ocrx_word' id='word_1_38' title='bbox 182 913 621 997; x_wconf 73' lang='lat' dir='ltr'>rationalibus</span> <span class='ocrx_word' id='word_1_39' title='bbox 684 950 1005 1032; x_wconf 80' lang='lat' dir='ltr'>quoque:</span> <span class='ocrx_word' id='word_1_40' title='bbox 1108 921 1292 1026; x_wconf 86' lang='lat' dir='ltr'>quin</span> <span class='ocrx_word' id='word_1_41' title='bbox 1370 924 1537 998; x_wconf 88' lang='lat' dir='ltr'>imo</span> <span class='ocrx_word' id='word_1_42' title='bbox 1595 944 1693 999; x_wconf 84' lang='lat' dir='ltr'>ex</span> <span class='ocrx_word' id='word_1_43' title='bbox 1749 929 2147 1005; x_wconf 86' lang='lat' dir='ltr'>contrario</span> <span class='ocrx_word' id='word_1_44' title='bbox 2182 959 2205 1021; x_wconf 80' lang='lat'>3</span> <span class='ocrx_word' id='word_1_45' title='bbox 2311 935 2443 1008; x_wconf 68' lang='lat' dir='ltr'>uia</span> 
     </span>
     <span class='ocr_line' id='line_1_6' title="bbox 181 960 2444 1121; baseline 0.008 -17"><span class='ocrx_word' id='word_1_46' title='bbox 181 1036 412 1111; x_wconf 73' lang='lat' dir='ltr'>mutis,</span> <span class='ocrx_word' id='word_1_47' title='bbox 475 1030 633 1109; x_wconf 81' lang='lat' dir='ltr'>ideo</span> <span class='ocrx_word' id='word_1_48' title='bbox 685 1062 825 1111; x_wconf 82' lang='lat' dir='ltr'>non</span> <span class='ocrx_word' id='word_1_49' title='bbox 881 1028 1366 1112; x_wconf 72' lang='lat' dir='ltr'>rationalibus.</span> <span class='ocrx_word' id='word_1_50' title='bbox 1476 1027 1918 1112; x_wconf 73' lang='lat' dir='ltr'>Adhibetur</span> <span class='ocrx_word' id='word_1_51' title='bbox 1976 960 2444 1121; x_wconf 60' lang='lat' dir='ltr'>extrinsZcus</span> 
     </span>
     <span class='ocr_line' id='line_1_7' title="bbox 189 1140 2444 1259; baseline 0.006 -42"><span class='ocrx_word' id='word_1_52' title='bbox 189 1141 253 1217; x_wconf 88' lang='lat' dir='ltr'>in</span> <span class='ocrx_word' id='word_1_53' title='bbox 283 1140 575 1219; x_wconf 85' lang='lat' dir='ltr'>causam</span> <span class='ocrx_word' id='word_1_54' title='bbox 608 1145 1141 1243; x_wconf 61' lang='lat' dir='ltr'>&amp;auetoritas-</span> <span class='ocrx_word' id='word_1_55' title='bbox 1236 1148 1421 1223; x_wconf 81' lang='lat' dir='ltr'>Hae&#39;c</span> <span class='ocrx_word' id='word_1_56' title='bbox 1462 1140 1689 1221; x_wconf 87' lang='lat' dir='ltr'>secuti</span> <span class='ocrx_word' id='word_1_57' title='bbox 1759 1146 2114 1238; x_wconf 83' lang='lat' dir='ltr'>Graeeos‚</span> <span class='ocrx_word' id='word_1_58' title='bbox 2175 1172 2219 1228; x_wconf 84' lang='lat' dir='ltr'>a</span> <span class='ocrx_word' id='word_1_59' title='bbox 2274 1157 2444 1259; x_wconf 78' lang='lat' dir='ltr'>qui-</span> 
     </span>
     <span class='ocr_line' id='line_1_8' title="bbox 183 1250 2446 1362; baseline 0.005 -31"><span class='ocrx_word' id='word_1_60' title='bbox 183 1250 299 1331; x_wconf 75' lang='lat' dir='ltr'>bus</span> <span class='ocrx_word' id='word_1_61' title='bbox 332 1255 570 1362; x_wconf 60' lang='lat' dir='ltr'>,eglom</span> <span class='ocrx_word' id='word_1_62' title='bbox 606 1252 978 1334; x_wconf 84' lang='lat' dir='ltr'>dicuntur</span> <span class='ocrx_word' id='word_1_63' title='bbox 999 1312 1018 1345; x_wconf 89' lang='lat'>,</span> <span class='ocrx_word' id='word_1_64' title='bbox 1066 1255 1348 1355; x_wconf 73' lang='lat' dir='ltr'>judicia</span> <span class='ocrx_word' id='word_1_65' title='bbox 1403 1277 1533 1332; x_wconf 80' lang='lat' dir='ltr'>aut</span> <span class='ocrx_word' id='word_1_66' title='bbox 1559 1253 2047 1361; x_wconf 81' lang='lat' dir='ltr'>judicationes</span> <span class='ocrx_word' id='word_1_67' title='bbox 2103 1283 2384 1343; x_wconf 84' lang='lat' dir='ltr'>vocant</span> <span class='ocrx_word' id='word_1_68' title='bbox 2417 1318 2446 1355; x_wconf 86' lang='lat'>,</span> 
     </span>
     <span class='ocr_line' id='line_1_9' title="bbox 183 1361 2453 1474; baseline 0.006 -33"><span class='ocrx_word' id='word_1_69' title='bbox 183 1389 321 1442; x_wconf 90' lang='lat' dir='ltr'>non</span> <span class='ocrx_word' id='word_1_70' title='bbox 365 1363 463 1442; x_wconf 90' lang='lat' dir='ltr'>de</span> <span class='ocrx_word' id='word_1_71' title='bbox 503 1366 782 1474; x_wconf 87' lang='lat' dir='ltr'>quibus</span> <span class='ocrx_word' id='word_1_72' title='bbox 843 1393 942 1469; x_wconf 69' lang='lat' dir='ltr'>ex</span> <span class='ocrx_word' id='word_1_73' title='bbox 983 1366 1197 1444; x_wconf 80' lang='lat' dir='ltr'>causa</span> <span class='ocrx_word' id='word_1_74' title='bbox 1249 1361 1448 1445; x_wconf 56' lang='lat' dir='ltr'>dieta</span> <span class='ocrx_word' id='word_1_75' title='bbox 1482 1366 1855 1467; x_wconf 85' lang='lat' dir='ltr'>sententia</span> <span class='ocrx_word' id='word_1_76' title='bbox 1915 1369 2024 1447; x_wconf 91' lang='lat' dir='ltr'>est</span> <span class='ocrx_word' id='word_1_77' title='bbox 2073 1378 2302 1464; x_wconf 87' lang='lat' dir='ltr'>(nam</span> <span class='ocrx_word' id='word_1_78' title='bbox 2362 1396 2453 1454; x_wconf 84' lang='lat' dir='ltr'>ea</span> 
     </span>
     <span class='ocr_line' id='line_1_10' title="bbox 186 1474 2453 1590; baseline 0.005 -37"><span class='ocrx_word' id='word_1_79' title='bbox 186 1474 474 1582; x_wconf 88' lang='lat' dir='ltr'>quidem</span> <span class='ocrx_word' id='word_1_80' title='bbox 513 1478 596 1554; x_wconf 88' lang='lat' dir='ltr'>in</span> <span class='ocrx_word' id='word_1_81' title='bbox 636 1476 1184 1584; x_wconf 62' lang='lat' dir='ltr'>exemplorum</span> <span class='ocrx_word' id='word_1_82' title='bbox 1241 1475 1505 1574; x_wconf 83' lang='lat' dir='ltr'>locum</span> <span class='ocrx_word' id='word_1_83' title='bbox 1566 1475 1852 1558; x_wconf 87' lang='lat' dir='ltr'>cedunt</span> <span class='ocrx_word' id='word_1_84' title='bbox 1877 1500 1929 1573; x_wconf 64' lang='grc' dir='ltr'>ς)</span> <span class='ocrx_word' id='word_1_85' title='bbox 1978 1476 2106 1559; x_wconf 71' lang='lat' dir='ltr'>led</span> <span class='ocrx_word' id='word_1_86' title='bbox 2162 1479 2217 1560; x_wconf 83' lang='lat' dir='ltr'>fi</span> <span class='ocrx_word' id='word_1_87' title='bbox 2261 1482 2453 1590; x_wconf 84' lang='lat' dir='ltr'>quid</span> 
     </span>
     <span class='ocr_line' id='line_1_11' title="bbox 185 1586 2449 1695; baseline 0.006 -33"><span class='ocrx_word' id='word_1_88' title='bbox 185 1586 273 1663; x_wconf 79' lang='lat' dir='ltr'>ita</span> <span class='ocrx_word' id='word_1_89' title='bbox 313 1587 558 1666; x_wconf 82' lang='lat' dir='ltr'>visum</span> <span class='ocrx_word' id='word_1_90' title='bbox 604 1591 1007 1692; x_wconf 84' lang='lat' dir='ltr'>gentibus,</span> <span class='ocrx_word' id='word_1_91' title='bbox 1044 1587 1395 1695; x_wconf 84' lang='lat' dir='ltr'>populis,</span> <span class='ocrx_word' id='word_1_92' title='bbox 1442 1588 1898 1694; x_wconf 80' lang='lat' dir='ltr'>sapientibus</span> <span class='ocrx_word' id='word_1_93' title='bbox 1941 1591 2119 1670; x_wconf 86' lang='lat' dir='ltr'>viris</span> <span class='ocrx_word' id='word_1_94' title='bbox 2145 1648 2168 1681; x_wconf 88' lang='lat'>‚</span> <span class='ocrx_word' id='word_1_95' title='bbox 2223 1591 2449 1675; x_wconf 78' lang='lat' dir='ltr'>claris</span> 
     </span>
     <span class='ocr_line' id='line_1_12' title="bbox 117 1699 2454 1812; baseline 0.005 -39"><span class='ocrx_word' id='word_1_96' title='bbox 117 1708 122 1719; x_wconf 85' lang='lat'>&#39;</span> <span class='ocrx_word' id='word_1_97' title='bbox 181 1699 483 1788; x_wconf 84' lang='lat' dir='ltr'>civibus,</span> <span class='ocrx_word' id='word_1_98' title='bbox 517 1700 923 1782; x_wconf 81' lang='lat' dir='ltr'>illustribus</span> <span class='ocrx_word' id='word_1_99' title='bbox 953 1703 1200 1807; x_wconf 72' lang='lat' dir='ltr'>poetis</span> <span class='ocrx_word' id='word_1_100' title='bbox 1224 1757 1245 1792; x_wconf 88' lang='lat'>,</span> <span class='ocrx_word' id='word_1_101' title='bbox 1272 1701 1537 1780; x_wconf 84' lang='lat' dir='ltr'>referri</span> <span class='ocrx_word' id='word_1_102' title='bbox 1578 1700 1852 1805; x_wconf 85' lang='lat' dir='ltr'>potest.</span> <span class='ocrx_word' id='word_1_103' title='bbox 1928 1708 2051 1782; x_wconf 92' lang='lat' dir='ltr'>Ne</span> <span class='ocrx_word' id='word_1_104' title='bbox 2084 1699 2245 1783; x_wconf 84' lang='lat' dir='ltr'>haec</span> <span class='ocrx_word' id='word_1_105' title='bbox 2286 1709 2454 1812; x_wconf 87' lang='lat' dir='ltr'>qui-</span> 
     </span>
     <span class='ocr_line' id='line_1_13' title="bbox 183 1805 2699 1919; baseline 0.005 -34"><span class='ocrx_word' id='word_1_106' title='bbox 183 1805 337 1888; x_wconf 87' lang='lat' dir='ltr'>dem</span> <span class='ocrx_word' id='word_1_107' title='bbox 378 1810 620 1917; x_wconf 81' lang='lat' dir='ltr'>vulgo</span> <span class='ocrx_word' id='word_1_108' title='bbox 654 1810 895 1904; x_wconf 76' lang='lat' dir='ltr'>dista,</span> <span class='ocrx_word' id='word_1_109' title='bbox 952 1818 1030 1893; x_wconf 86' lang='lat'>&amp;</span> <span class='ocrx_word' id='word_1_110' title='bbox 1074 1836 1381 1918; x_wconf 86' lang='lat' dir='ltr'>recepta</span> <span class='ocrx_word' id='word_1_111' title='bbox 1441 1810 1917 1917; x_wconf 75' lang='lat' dir='ltr'>persuasione</span> <span class='ocrx_word' id='word_1_112' title='bbox 1961 1814 2342 1919; x_wconf 87' lang='lat' dir='ltr'>populari,</span> <span class='ocrx_word' id='word_1_113' title='bbox 2364 1811 2457 1896; x_wconf 82' lang='lat' dir='ltr'>fi-</span> <span class='ocrx_word' id='word_1_114' title='bbox 2690 1828 2699 1869; x_wconf 67' lang='lat'>³</span> 
     </span>
     <span class='ocr_line' id='line_1_14' title="bbox 180 1922 2461 2031; baseline 0.004 -31"><span class='ocrx_word' id='word_1_115' title='bbox 180 1944 268 2000; x_wconf 91' lang='lat' dir='ltr'>ne</span> <span class='ocrx_word' id='word_1_116' title='bbox 299 1922 422 2002; x_wconf 89' lang='lat' dir='ltr'>usu</span> <span class='ocrx_word' id='word_1_117' title='bbox 477 1922 765 2005; x_wconf 87' lang='lat' dir='ltr'>fuerint</span> <span class='ocrx_word' id='word_1_118' title='bbox 814 1924 1268 2004; x_wconf 86' lang='lat' dir='ltr'>testimonia.</span> <span class='ocrx_word' id='word_1_119' title='bbox 1309 1940 1312 1947; x_wconf 57' lang='lat'><em>²</em></span> <span class='ocrx_word' id='word_1_120' title='bbox 1362 1931 1550 2004; x_wconf 86' lang='lat' dir='ltr'>Sunt</span> <span class='ocrx_word' id='word_1_121' title='bbox 1604 1926 1820 2004; x_wconf 88' lang='lat' dir='ltr'>enim</span> <span class='ocrx_word' id='word_1_122' title='bbox 1866 1924 2461 2031; x_wconf 86' lang='lat' dir='ltr'>quodammodo</span> 
     </span>
     <span class='ocr_line' id='line_1_15' title="bbox 180 2031 2449 2145; baseline 0.004 -33"><span class='ocrx_word' id='word_1_123' title='bbox 180 2032 287 2112; x_wconf 77' lang='lat' dir='ltr'>vel</span> <span class='ocrx_word' id='word_1_124' title='bbox 318 2039 758 2140; x_wconf 77' lang='lat' dir='ltr'>potentiora</span> <span class='ocrx_word' id='word_1_125' title='bbox 806 2039 1079 2120; x_wconf 86' lang='lat' dir='ltr'>etiam,</span> <span class='ocrx_word' id='word_1_126' title='bbox 1117 2032 1330 2145; x_wconf 89' lang='lat' dir='ltr'>quod</span> <span class='ocrx_word' id='word_1_127' title='bbox 1366 2060 1530 2113; x_wconf 90' lang='lat' dir='ltr'>non</span> <span class='ocrx_word' id='word_1_128' title='bbox 1569 2031 1802 2114; x_wconf 85' lang='lat' dir='ltr'>caufis</span> <span class='ocrx_word' id='word_1_129' title='bbox 1833 2035 2449 2123; x_wconf 84' lang='lat' dir='ltr'>accommodata.</span> 
     </span>
     <span class='ocr_line' id='line_1_16' title="bbox 176 2141 2455 2254; baseline 0.003 -31"><span class='ocrx_word' id='word_1_130' title='bbox 176 2141 294 2225; x_wconf 87' lang='lat' dir='ltr'>sed</span> <span class='ocrx_word' id='word_1_131' title='bbox 330 2146 582 2227; x_wconf 87' lang='lat' dir='ltr'>liberis</span> <span class='ocrx_word' id='word_1_132' title='bbox 614 2145 804 2227; x_wconf 89' lang='lat' dir='ltr'>odio</span> <span class='ocrx_word' id='word_1_133' title='bbox 850 2155 928 2230; x_wconf 85' lang='lat'>&amp;</span> <span class='ocrx_word' id='word_1_134' title='bbox 977 2150 1219 2254; x_wconf 85' lang='lat' dir='ltr'>gratia</span> <span class='ocrx_word' id='word_1_135' title='bbox 1274 2147 1660 2245; x_wconf 80' lang='lat' dir='ltr'>mentibus</span> <span class='ocrx_word' id='word_1_136' title='bbox 1722 2144 1906 2226; x_wconf 86' lang='lat' dir='ltr'>ideo</span> <span class='ocrx_word' id='word_1_137' title='bbox 1962 2166 2267 2228; x_wconf 88' lang='lat' dir='ltr'>tantum</span> <span class='ocrx_word' id='word_1_138' title='bbox 2336 2148 2455 2229; x_wconf 83' lang='lat' dir='ltr'>di-</span> 
     </span>
     <span class='ocr_line' id='line_1_17' title="bbox 179 2252 2452 2368; baseline 0.002 -34"><span class='ocrx_word' id='word_1_139' title='bbox 179 2256 281 2335; x_wconf 66' lang='lat' dir='ltr'>&amp;a</span> <span class='ocrx_word' id='word_1_140' title='bbox 315 2256 693 2368; x_wconf 63' lang='lat' dir='ltr'>factaque,</span> <span class='ocrx_word' id='word_1_141' title='bbox 728 2264 907 2367; x_wconf 88' lang='lat' dir='ltr'>quia</span> <span class='ocrx_word' id='word_1_142' title='bbox 941 2283 1071 2339; x_wconf 81' lang='lat' dir='ltr'>aut</span> <span class='ocrx_word' id='word_1_143' title='bbox 1108 2252 1668 2348; x_wconf 78' lang='lat' dir='ltr'>honestissima,</span> <span class='ocrx_word' id='word_1_144' title='bbox 1715 2279 1846 2336; x_wconf 89' lang='lat' dir='ltr'>aut</span> <span class='ocrx_word' id='word_1_145' title='bbox 1890 2257 2276 2339; x_wconf 82' lang='lat' dir='ltr'>veriffima</span> <span class='ocrx_word' id='word_1_146' title='bbox 2338 2264 2452 2340; x_wconf 81' lang='lat' dir='ltr'>vi-</span> 
     </span>
     <span class='ocr_line' id='line_1_18' title="bbox 177 2363 2451 2453; baseline 0.002 -8"><span class='ocrx_word' id='word_1_147' title='bbox 177 2363 554 2451; x_wconf 80' lang='lat' dir='ltr'>debantut.</span> <span class='ocrx_word' id='word_1_148' title='bbox 667 2377 796 2452; x_wconf 85' lang='lat' dir='ltr'>An</span> <span class='ocrx_word' id='word_1_149' title='bbox 841 2396 1029 2453; x_wconf 84' lang='lat' dir='ltr'>vero</span> <span class='ocrx_word' id='word_1_150' title='bbox 1084 2394 1214 2448; x_wconf 93' lang='lat' dir='ltr'>me</span> <span class='ocrx_word' id='word_1_151' title='bbox 1266 2365 1362 2449; x_wconf 90' lang='lat' dir='ltr'>de</span> <span class='ocrx_word' id='word_1_152' title='bbox 1427 2364 1951 2449; x_wconf 80' lang='lat' dir='ltr'>incommodis</span> <span class='ocrx_word' id='word_1_153' title='bbox 2007 2371 2183 2450; x_wconf 81' lang='lat' dir='ltr'>vitae</span> <span class='ocrx_word' id='word_1_154' title='bbox 2234 2366 2451 2450; x_wconf 69' lang='lat' dir='ltr'>difle-</span> 
     </span>
     <span class='ocr_line' id='line_1_19' title="bbox 179 2472 2453 2588; baseline 0.001 -27"><span class='ocrx_word' id='word_1_155' title='bbox 179 2498 454 2563; x_wconf 83' lang='lat' dir='ltr'>rentem</span> <span class='ocrx_word' id='word_1_156' title='bbox 539 2507 704 2564; x_wconf 87' lang='lat' dir='ltr'>non</span> <span class='ocrx_word' id='word_1_157' title='bbox 762 2481 1151 2588; x_wconf 84' lang='lat' dir='ltr'>adjuvabit</span> <span class='ocrx_word' id='word_1_158' title='bbox 1223 2506 1494 2562; x_wconf 86' lang='lat' dir='ltr'>earum</span> <span class='ocrx_word' id='word_1_159' title='bbox 1548 2472 1927 2588; x_wconf 77' lang='lat' dir='ltr'>persuasio</span> <span class='ocrx_word' id='word_1_160' title='bbox 1994 2484 2398 2564; x_wconf 87' lang='lat' dir='ltr'>nationum</span> <span class='ocrx_word' id='word_1_161' title='bbox 2424 2538 2453 2576; x_wconf 87' lang='lat'>,</span> 
     </span>
     <span class='ocr_line' id='line_1_20' title="bbox 175 2590 2454 2702; baseline -0 -27"><span class='ocrx_word' id='word_1_162' title='bbox 175 2614 326 2699; x_wconf 73' lang='lat' dir='ltr'>qna:</span> <span class='ocrx_word' id='word_1_163' title='bbox 377 2593 684 2677; x_wconf 81' lang='lat' dir='ltr'>fletibus</span> <span class='ocrx_word' id='word_1_164' title='bbox 740 2618 1003 2679; x_wconf 75' lang='lat' dir='ltr'>natos,</span> <span class='ocrx_word' id='word_1_165' title='bbox 1077 2593 1335 2674; x_wconf 77' lang='lat' dir='ltr'>laetitia</span> <span class='ocrx_word' id='word_1_166' title='bbox 1387 2590 1790 2675; x_wconf 66' lang='lat' dir='ltr'>defunCtOs</span> <span class='ocrx_word' id='word_1_167' title='bbox 1845 2592 2454 2702; x_wconf 74' lang='lat' dir='ltr'>prosequuntur?</span> 
     </span>
     <span class='ocr_line' id='line_1_21' title="bbox 181 2701 2458 2812; baseline 0.001 -28"><span class='ocrx_word' id='word_1_168' title='bbox 181 2706 324 2785; x_wconf 80' lang='lat' dir='ltr'>Aut</span> <span class='ocrx_word' id='word_1_169' title='bbox 369 2706 424 2787; x_wconf 86' lang='lat' dir='ltr'><strong>fi</strong></span> <span class='ocrx_word' id='word_1_170' title='bbox 472 2705 1087 2787; x_wconf 80' lang='lat' dir='ltr'>misericordiam</span> <span class='ocrx_word' id='word_1_171' title='bbox 1122 2704 1695 2785; x_wconf 85' lang='lat' dir='ltr'>commendabo</span> <span class='ocrx_word' id='word_1_172' title='bbox 1727 2701 2007 2805; x_wconf 76' lang='lat' dir='ltr'>judici,</span> <span class='ocrx_word' id='word_1_173' title='bbox 2046 2707 2241 2785; x_wconf 88' lang='lat' dir='ltr'>nihil</span> <span class='ocrx_word' id='word_1_174' title='bbox 2273 2733 2458 2812; x_wconf 83' lang='lat' dir='ltr'>pro-</span> 
     </span>
     <span class='ocr_line' id='line_1_22' title="bbox 180 2812 2457 2927; baseline 0.001 -33"><span class='ocrx_word' id='word_1_175' title='bbox 180 2812 362 2922; x_wconf 82' lang='lat' dir='ltr'>derit</span> <span class='ocrx_word' id='word_1_176' title='bbox 404 2815 624 2927; x_wconf 90' lang='lat' dir='ltr'>quod</span> <span class='ocrx_word' id='word_1_177' title='bbox 673 2813 1258 2924; x_wconf 77' lang='lat' dir='ltr'>prudentissima</span> <span class='ocrx_word' id='word_1_178' title='bbox 1299 2822 1564 2899; x_wconf 83' lang='lat' dir='ltr'>civitas</span> <span class='ocrx_word' id='word_1_179' title='bbox 1620 2812 2208 2897; x_wconf 74' lang='lat' dir='ltr'>Atheniensium</span> <span class='ocrx_word' id='word_1_180' title='bbox 2231 2869 2255 2909; x_wconf 89' lang='lat'>,</span> <span class='ocrx_word' id='word_1_181' title='bbox 2292 2844 2457 2897; x_wconf 91' lang='lat' dir='ltr'>non</span> 
     </span>
     <span class='ocr_line' id='line_1_23' title="bbox 174 2923 2460 3037; baseline 0.001 -31"><span class='ocrx_word' id='word_1_182' title='bbox 174 2951 338 3007; x_wconf 85' lang='lat' dir='ltr'>eam</span> <span class='ocrx_word' id='word_1_183' title='bbox 383 2957 531 3037; x_wconf 86' lang='lat' dir='ltr'>pro</span> <span class='ocrx_word' id='word_1_184' title='bbox 579 2926 897 3015; x_wconf 55' lang='lat' dir='ltr'>aflectu,</span> <span class='ocrx_word' id='word_1_185' title='bbox 934 2927 1063 3010; x_wconf 85' lang='lat' dir='ltr'>sed</span> <span class='ocrx_word' id='word_1_186' title='bbox 1103 2952 1254 3036; x_wconf 84' lang='lat' dir='ltr'>pro</span> <span class='ocrx_word' id='word_1_187' title='bbox 1301 2930 1624 3010; x_wconf 84' lang='lat' dir='ltr'>numine</span> <span class='ocrx_word' id='word_1_188' title='bbox 1675 2927 2019 3034; x_wconf 81' lang='lat' dir='ltr'>accepit?</span> <span class='ocrx_word' id='word_1_189' title='bbox 2092 2923 2272 3036; x_wconf 86' lang='lat' dir='ltr'>Jam</span> <span class='ocrx_word' id='word_1_190' title='bbox 2328 2927 2460 3009; x_wconf 89' lang='lat' dir='ltr'>illa</span> 
     </span>
     <span class='ocr_line' id='line_1_24' title="bbox 175 3035 2458 3149; baseline 0.001 -32"><span class='ocrx_word' id='word_1_191' title='bbox 175 3035 456 3145; x_wconf 87' lang='lat' dir='ltr'>septem</span> <span class='ocrx_word' id='word_1_192' title='bbox 484 3056 864 3149; x_wconf 79' lang='lat' dir='ltr'>praecepta</span> <span class='ocrx_word' id='word_1_193' title='bbox 892 3035 1366 3149; x_wconf 86' lang='lat' dir='ltr'>sapientum,</span> <span class='ocrx_word' id='word_1_194' title='bbox 1423 3064 1687 3119; x_wconf 89' lang='lat' dir='ltr'>nonne</span> <span class='ocrx_word' id='word_1_195' title='bbox 1727 3038 2095 3146; x_wconf 86' lang='lat' dir='ltr'>quasdam</span> <span class='ocrx_word' id='word_1_196' title='bbox 2129 3042 2305 3122; x_wconf 79' lang='lat' dir='ltr'>vitae</span> <span class='ocrx_word' id='word_1_197' title='bbox 2348 3037 2458 3121; x_wconf 87' lang='lat' dir='ltr'>le·-</span> 
     </span>
     <span class='ocr_line' id='line_1_25' title="bbox 173 3145 2456 3252; baseline 0.003 -23"><span class='ocrx_word' id='word_1_198' title='bbox 173 3173 307 3252; x_wconf 79' lang='lat' dir='ltr'>ges</span> <span class='ocrx_word' id='word_1_199' title='bbox 355 3154 915 3235; x_wconf 68' lang='lat' dir='ltr'>existimamus?</span> <span class='ocrx_word' id='word_1_200' title='bbox 1006 3156 1080 3234; x_wconf 89' lang='lat' dir='ltr'>Si</span> <span class='ocrx_word' id='word_1_201' title='bbox 1118 3150 1419 3233; x_wconf 85' lang='lat' dir='ltr'>causam</span> <span class='ocrx_word' id='word_1_202' title='bbox 1448 3145 1805 3231; x_wconf 87' lang='lat' dir='ltr'>veneficii</span> <span class='ocrx_word' id='word_1_203' title='bbox 1850 3149 2052 3229; x_wconf 87' lang='lat' dir='ltr'>dicat</span> <span class='ocrx_word' id='word_1_204' title='bbox 2088 3150 2456 3237; x_wconf 81' lang='lat' dir='ltr'>adultera,</span> 
     </span>
     <span class='ocr_line' id='line_1_26' title="bbox 176 3258 2456 3370; baseline 0.001 -30"><span class='ocrx_word' id='word_1_205' title='bbox 176 3284 333 3340; x_wconf 89' lang='lat' dir='ltr'>non</span> <span class='ocrx_word' id='word_1_206' title='bbox 393 3269 627 3345; x_wconf 86' lang='lat' dir='ltr'>Marci</span> <span class='ocrx_word' id='word_1_207' title='bbox 698 3265 1014 3346; x_wconf 89' lang='lat' dir='ltr'>Catonis</span> <span class='ocrx_word' id='word_1_208' title='bbox 1059 3263 1350 3367; x_wconf 87' lang='lat' dir='ltr'>judicio</span> <span class='ocrx_word' id='word_1_209' title='bbox 1421 3259 1784 3340; x_wconf 87' lang='lat' dir='ltr'>damnata</span> <span class='ocrx_word' id='word_1_210' title='bbox 1837 3258 2189 3340; x_wconf 84' lang='lat' dir='ltr'>videatur</span> <span class='ocrx_word' id='word_1_211' title='bbox 2218 3317 2246 3354; x_wconf 90' lang='lat'><em>,</em></span> <span class='ocrx_word' id='word_1_212' title='bbox 2317 3265 2456 3370; x_wconf 84' lang='lat' dir='ltr'>qui</span> 
     </span>
     <span class='ocr_line' id='line_1_27' title="bbox 170 3367 2456 3458; baseline 0.001 -7"><span class='ocrx_word' id='word_1_213' title='bbox 170 3373 446 3457; x_wconf 87' lang='lat' dir='ltr'>nullam</span> <span class='ocrx_word' id='word_1_214' title='bbox 485 3375 920 3458; x_wconf 85' lang='lat' dir='ltr'>adulteram</span> <span class='ocrx_word' id='word_1_215' title='bbox 956 3399 1117 3455; x_wconf 89' lang='lat' dir='ltr'>non</span> <span class='ocrx_word' id='word_1_216' title='bbox 1157 3367 1484 3454; x_wconf 88' lang='lat' dir='ltr'>eandem</span> <span class='ocrx_word' id='word_1_217' title='bbox 1537 3370 1681 3451; x_wconf 70' lang='lat' dir='ltr'>elle</span> <span class='ocrx_word' id='word_1_218' title='bbox 1734 3371 2165 3453; x_wconf 87' lang='lat' dir='ltr'>veneficam</span> <span class='ocrx_word' id='word_1_219' title='bbox 2212 3372 2456 3454; x_wconf 73' lang='lat' dir='ltr'>dixit?</span> 
     </span>
     <span class='ocr_line' id='line_1_28' title="bbox 170 3483 2454 3594; baseline 0.001 -31"><span class='ocrx_word' id='word_1_220' title='bbox 170 3489 365 3565; x_wconf 82' lang='lat' dir='ltr'>Nam</span> <span class='ocrx_word' id='word_1_221' title='bbox 404 3490 800 3570; x_wconf 80' lang='lat' dir='ltr'>sententiis</span> <span class='ocrx_word' id='word_1_222' title='bbox 853 3483 1170 3585; x_wconf 80' lang='lat' dir='ltr'>quidem</span> <span class='ocrx_word' id='word_1_223' title='bbox 1216 3492 1621 3594; x_wconf 72' lang='lat' dir='ltr'>poetarum</span> <span class='ocrx_word' id='word_1_224' title='bbox 1656 3505 1817 3563; x_wconf 84' lang='lat' dir='ltr'>non</span> <span class='ocrx_word' id='word_1_225' title='bbox 1857 3489 2244 3564; x_wconf 82' lang='lat' dir='ltr'>orationes</span> <span class='ocrx_word' id='word_1_226' title='bbox 2278 3509 2454 3565; x_wconf 82' lang='lat' dir='ltr'>mo-</span> 
     </span>
     <span class='ocr_line' id='line_1_29' title="bbox 175 3593 2455 3704; baseline 0.001 -29"><span class='ocrx_word' id='word_1_227' title='bbox 175 3593 280 3675; x_wconf 90' lang='lat' dir='ltr'>do</span> <span class='ocrx_word' id='word_1_228' title='bbox 313 3599 463 3681; x_wconf 88' lang='lat' dir='ltr'>sunt</span> <span class='ocrx_word' id='word_1_229' title='bbox 497 3599 849 3690; x_wconf 69' lang='lat' dir='ltr'>refertae,</span> <span class='ocrx_word' id='word_1_230' title='bbox 899 3597 1025 3677; x_wconf 91' lang='lat' dir='ltr'>sed</span> <span class='ocrx_word' id='word_1_231' title='bbox 1065 3597 1242 3677; x_wconf 86' lang='lat' dir='ltr'>libri</span> <span class='ocrx_word' id='word_1_232' title='bbox 1279 3600 1521 3677; x_wconf 88' lang='lat' dir='ltr'>etiam</span> <span class='ocrx_word' id='word_1_233' title='bbox 1568 3595 2258 3703; x_wconf 85' lang='lat' dir='ltr'>philosophorum;</span> <span class='ocrx_word' id='word_1_234' title='bbox 2320 3597 2455 3704; x_wconf 88' lang='lat' dir='ltr'>qui</span> 
     </span>
     <span class='ocr_line' id='line_1_30' title="bbox 181 3705 2449 3821; baseline 0.001 -32"><span class='ocrx_word' id='word_1_235' title='bbox 181 3734 609 3821; x_wconf 84' lang='lat' dir='ltr'>quanquam</span> <span class='ocrx_word' id='word_1_236' title='bbox 653 3711 1014 3790; x_wconf 86' lang='lat' dir='ltr'>inferiora</span> <span class='ocrx_word' id='word_1_237' title='bbox 1035 3712 1300 3789; x_wconf 87' lang='lat' dir='ltr'>omnia</span> <span class='ocrx_word' id='word_1_238' title='bbox 1328 3706 1727 3814; x_wconf 85' lang='lat' dir='ltr'>praeeeptis</span> <span class='ocrx_word' id='word_1_239' title='bbox 1746 3705 1885 3790; x_wconf 85' lang='lat' dir='ltr'>suis</span> <span class='ocrx_word' id='word_1_240' title='bbox 1910 3736 1995 3787; x_wconf 87' lang='lat' dir='ltr'>ac</span> <span class='ocrx_word' id='word_1_241' title='bbox 2018 3709 2256 3788; x_wconf 79' lang='lat' dir='ltr'>literis</span> <span class='ocrx_word' id='word_1_242' title='bbox 2284 3739 2449 3791; x_wconf 69' lang='lat' dir='ltr'>cre-</span> 
     </span>
     <span class='ocr_line' id='line_1_31' title="bbox 165 3816 2665 3931; baseline 0 -32"><span class='ocrx_word' id='word_1_243' title='bbox 165 3816 382 3914; x_wconf 83' lang='lat' dir='ltr'>dunt,</span> <span class='ocrx_word' id='word_1_244' title='bbox 444 3844 813 3931; x_wconf 87' lang='lat' dir='ltr'>repetere</span> <span class='ocrx_word' id='word_1_245' title='bbox 861 3842 1121 3900; x_wconf 88' lang='lat' dir='ltr'>tamen</span> <span class='ocrx_word' id='word_1_246' title='bbox 1154 3819 1695 3922; x_wconf 66' lang='lat' dir='ltr'>austoritatem</span> <span class='ocrx_word' id='word_1_247' title='bbox 1734 3847 1777 3899; x_wconf 85' lang='lat' dir='ltr'>a</span> <span class='ocrx_word' id='word_1_248' title='bbox 1822 3821 2175 3928; x_wconf 80' lang='lat' dir='ltr'>plurimis</span> <span class='ocrx_word' id='word_1_249' title='bbox 2226 3821 2455 3904; x_wconf 81' lang='lat' dir='ltr'>verfi-</span> <span class='ocrx_word' id='word_1_250' title='bbox 2650 3919 2665 3928; x_wconf 84' lang='lat'><em>.</em></span> 
     </span>
     <span class='ocr_line' id='line_1_32' title="bbox 157 3925 2561 4040; baseline 0 -30"><span class='ocrx_word' id='word_1_251' title='bbox 157 3933 284 4014; x_wconf 78' lang='lat' dir='ltr'>bus</span> <span class='ocrx_word' id='word_1_252' title='bbox 321 3965 490 4017; x_wconf 89' lang='lat' dir='ltr'>non</span> <span class='ocrx_word' id='word_1_253' title='bbox 543 3933 1070 4015; x_wconf 70' lang='lat' dir='ltr'>fastidierunt:</span> <span class='ocrx_word' id='word_1_254' title='bbox 1142 3931 1559 4039; x_wconf 82' lang='lat' dir='ltr'>Neque-est</span> <span class='ocrx_word' id='word_1_255' title='bbox 1604 3932 1943 4040; x_wconf 85' lang='lat' dir='ltr'>ignobile</span> <span class='ocrx_word' id='word_1_256' title='bbox 1979 3927 2458 4040; x_wconf 80' lang='lat' dir='ltr'>exemplum,</span> <span class='ocrx_word' id='word_1_257' title='bbox 2552 3925 2561 3962; x_wconf 64' lang='lat'>¹</span> 
     </span>
     <span class='ocr_line' id='line_1_33' title="bbox 151 4031 2466 4159; baseline -0.002 -32"><span class='ocrx_word' id='word_1_258' title='bbox 151 4048 569 4159; x_wconf 77' lang='lat' dir='ltr'>Megareos</span> <span class='ocrx_word' id='word_1_259' title='bbox 608 4048 710 4129; x_wconf 81' lang='lat' dir='ltr'>ab</span> <span class='ocrx_word' id='word_1_260' title='bbox 756 4031 1350 4126; x_wconf 60' lang='lat' dir='ltr'>Atheniensibus</span> <span class='ocrx_word' id='word_1_261' title='bbox 1373 4098 1397 4133; x_wconf 84' lang='lat'>‚</span> <span class='ocrx_word' id='word_1_262' title='bbox 1469 4069 1652 4123; x_wconf 88' lang='lat' dir='ltr'>cum</span> <span class='ocrx_word' id='word_1_263' title='bbox 1703 4043 1802 4125; x_wconf 86' lang='lat' dir='ltr'>de</span> <span class='ocrx_word' id='word_1_264' title='bbox 1849 4044 2226 4128; x_wconf 77' lang='lat' dir='ltr'>Salamine</span> <span class='ocrx_word' id='word_1_265' title='bbox 2279 4067 2466 4122; x_wconf 85' lang='lat' dir='ltr'>con-</span> 
     </span>
    </p>

    <p class='ocr_par' dir='ltr' id='par_1_3' title="bbox 1399 4156 2475 4261">
     <span class='ocr_line' id='line_1_34' title="bbox 1399 4156 2475 4261; baseline 0.002 -5"><span class='ocrx_word' id='word_1_266' title='bbox 1399 4156 1553 4261; x_wconf 63' lang='lat'>03</span> <span class='ocrx_word' id='word_1_267' title='bbox 2304 4176 2475 4258; x_wconf 78' lang='lat' dir='ltr'>ten:</span> 
     </span>
    </p>
   </div>
  </div>
 </body>
</html>
