3557 5113
205 535 375 677 Μ.
439 529 964 680 FABII
1060 513 2486 736 QUINCTIMANI

1210 789 1446 902 DE

272 916 1408 1233 Institittione
1515 965 2376 1191 Oratoria

409 1314 1487 1564 LIBER
1643 1322 2103 1567 VII.

751 1965 813 2044 E
858 1962 1307 2045 inventione
1364 1971 1499 2090 (ut
1538 1960 1929 2063 arbitror)
1970 1871 2137 2044 latis
2177 1960 2467 2045 dicim»

752 2074 884 2156 est.
995 2079 1267 2185 Neque
1325 2077 1540 2156 enirn
1620 2102 1713 2157 ea
1764 2074 2083 2156 demum
2136 2102 2304 2185 quae
2360 2072 2460 2159 ad

220 1961 706 2482 D
758 2185 1200 2269 docendum
1261 2188 1724 2296 pertinent,
1810 2188 2101 2268 executi
2175 2187 2459 2279 sumus,

758 2326 1033 2382 verum
1091 2301 1324 2380 etiam
1373 2321 1627 2380 motus
1682 2302 2115 2380 animorum
2190 2299 2455 2380 tracta-

760 2413 1019 2496 vimus.
1131 2408 1278 2493 Sed
1321 2433 1400 2491 ut
1440 2438 1681 2518 opera
1725 2409 2235 2491 extruentibus
2287 2408 2457 2493 satis

751 2550 921 2607 non
961 2522 1118 2615 est,
1174 2523 1346 2606 saxa
1389 2545 1616 2634 atque
1670 2523 2129 2614 materiam,
2193 2525 2273 2604 δε
2316 2552 2457 2606 cat-

185 2656 328 2721 tera
361 2628 776 2719 aedfficanti
827 2633 1033 2731 utilia
1074 2662 1557 2745 congerere,
1634 2635 1769 2716 nisi
1832 2626 2311 2741 disponendis
2369 2639 2455 2718 iis

182 2738 767 2863 collocandisque
821 2744 1195 2859 artificum
1270 2776 1537 2829 manus
1609 2747 2117 2830 adhibeatur.
2210 2743 2453 2829 ficin
2414 2838 2419 2845 ,

177 2850 485 2942 dicendo
553 2852 979 2970 quamlibet
1041 2859 1430 2942 abundans
1497 2889 1763 2940 rerum
1820 2862 2117 2966 copia,
2178 2886 2453 2940 cumu-

179 2966 344 3053 lum
394 2996 700 3054 tantum
757 2972 1032 3054 habeat
1068 2995 1298 3080 atque
1341 2972 1845 3080 congestum,
1886 2966 2025 3050 nifi
2081 2970 2246 3050 illas
2300 2971 2456 3052 eas

163 3080 348 3165 dem
393 3083 840 3192 dispositio
821 3112 906 3165 in
966 3081 1326 3165 ordinem
1383 3084 1770 3210 digestae,
1852 3106 2085 3190 atque
2139 3085 2344 3162 inter
2381 3083 2456 3162 fi:

169 3195 585 3279 eommissas
645 3195 1104 3281 devinxerit.
1197 3202 1365 3275 Nec
1409 3198 1815 3291 immerito
1859 3192 2209 3277 secunda
2223 3197 2450 3301 quin-

162 3333 311 3415 que
366 3313 704 3417 partium
748 3305 994 3417 pofita
1026 3306 1181 3393 est,
1226 3334 1408 3388 cum
1470 3303 1626 3386 fine
1674 3335 1760 3386 ea
1800 3309 2020 3413 prior
2062 3304 2266 3385 nihil
2323 3333 2452 3387 va-

163 3418 330 3502 leat.
419 3427 698 3530 Neque
742 3424 1015 3513 enim,
1071 3446 1521 3529 quanquam
1557 3417 1733 3499 fusis
1781 3417 2143 3499 omnibus
2196 3445 2444 3498 mem·

162 3529 373 3623 bris,
401 3533 637 3616 statua
661 3533 799 3625 fit.
860 3530 1000 3613 nifi
1040 3531 1514 3614 collocetur·
1571 3537 1650 3612 ὅ(
1689 3530 1745 3611 st
1790 3559 2026 3640 quam
2057 3534 2137 3609 in
2163 3558 2444 3637 corpo·

165 3642 364 3725 ribus
388 3647 666 3728 nostris
696 3644 1128 3728 aliorumve
1191 3645 1645 3726 animalium
1690 3666 1995 3752 partem
2036 3666 2443 3769 permutes

161 3778 387 3865 atque
434 3758 917 3850 transferas,
984 3752 1169 3839 licet
1227 3758 1502 3840 habeat
1546 3754 1823 3839 eadem
1871 3759 2205 3846 omnia,
2256 3783 2441 3863 pro-

143 3865 445 3977 digium
506 3869 603 3952 fit
660 3893 946 3952 tamen.
1034 3874 1129 3951 Et
1178 3893 1384 3953 artus
1427 3876 1666 3952 etiam
1724 3869 2006 3951 leviter
2045 3868 2226 3948 loco
2264 3896 2440 3948 mo-

217 3981 662 4093 ,perdunt
780 4010 888 4065 uo
942 3987 1354 4090 viguerunt
1407 3988 1684 4066 ulum:
1751 3987 1833 4063 ὅ(
1898 3981 2180 4063 turbati
2224 4006 2444 4085 exer-3

134 4096 326 4184 citus
365 4094 514 4179 fibi
553 4092 698 4204 ipfi
722 4010 910 4179 sunt
951 4094 1545 4307 impedimgnto.
1635 4102 1808 4178 Nec
1843 4094 2042 4178 mihi
2085 4070 2446 4176 videntur

1416 4233 1459 4291 c
1480 4232 1526 4289 c
2162 4227 2444 4297 errare,

2598 245 2833 458 '38²5
