3557 5113
780 234 965 362 “24
1236 207 1502 342 fM.
1614 218 1987 329 Fiam
2141 217 3119 380 QrN‘e‘rimANi

665 515 799 595 Ca
826 539 890 597 r.
923 515 1051 601 IV,
1082 502 1632 595 ostentationis,
1747 510 1874 584 Ne
1927 508 2096 613 quis
2152 508 2390 616 igitur
2464 526 2831 610 tanquam
2893 530 3128 614 parva
3188 502 3377 586 fasti-

677 627 692 641 '
1081 618 1241 707 diat
1295 620 1837 726 grammatices
1891 619 2299 702 elementa.
2377 643 2538 698 non
2601 619 2782 727 quia
2823 643 3124 723 magnae
3174 613 3262 703 sit
3299 643 3379 697 o·

1081 758 1332 845 perae,
1399 729 1905 817 consonantes
1956 758 2001 808 a
2063 728 2453 814 vocalibus
2498 725 2936 809 discernere
2970 783 2992 817 ,
3050 724 3381 837 ipsasque

1080 870 1205 930 eas
1275 846 1356 929 in
1411 841 1990 927 semivocalium
2058 867 2479 920 numerum
2521 894 2544 930 ,
2611 863 3161 946 mutarumque
3218 867 3384 944 par-

1083 956 1270 1043 tiri:
1358 953 1489 1037 sed
1547 959 1729 1069 quia·
1778 956 2152 1033 interiora
2224 951 2438 1034 velut
2495 944 2681 1030 sacri
2744 950 2964 1055 hujus
3043 948 3384 1039 adeunti-

1079 1065 1219 1151 bus
1255 1120 1277 1162 ,
1358 1068 1749 1180 apparebit
1829 1065 2077 1147 multa
2133 1092 2398 1150 rerum
2475 1061 2889 1153 subtilitas,
2954 1090 3125 1171 qua:
3227 1091 3384 1145 non

1082 1175 1333 1263 modo
1391 1206 1662 1266 acuere
1726 1180 2035 1289 ingenia
2075 1177 2446 1283 puerilia,
2510 1173 2639 1259 sed
2693 1203 3052 1258 exercere
3127 1173 3390 1258 altissi-

1081 1315 1299 1377 mam
1350 1316 1666 1398 quoque
1698 1286 2225 1368 eruditionem
2283 1315 2370 1367 ac
2432 1285 2822 1370 scientiam
2940 1284 3138 1369 offit.
3259 1292 3386 1371 An

1082 1398 1478 1503 cujussibet
1551 1404 1752 1481 auris
1819 1399 1928 1479 est
2008 1404 2317 1506 exigere
2391 1397 2790 1498 literarum
2878 1398 3138 1493 onos?
3225 1427 3389 1481 non

1081 1504 1396 1597 hercule
1437 1518 1729 1623 magi5‚
1766 1538 2006 1625 quam
2044 1538 2490 1596 nervorum.
2550 1514 2660 1592 At
2715 1511 3202 1620 grammatici
3251 1510 3394 1615 sal7·

1083 1645 1249 1709 tem
1303 1652 1578 1712 omnes
1640 1628 1721 1705 in
1775 1623 1973 1709 hanc
2027 1620 2490 1707 descendent
2553 1649 2817 1705 rerum
2880 1623 3346 1705 tenuitatem
3369 1678 3399 1716 ,

1081 1733 1427 1821 desintne
1462 1734 1734 1847 aliqua:
1774 1735 1997 1819 nobis
2045 1732 2474 1821 necess'ariae„
2506 1731 2949 1829 literarum:
3003 1760 3166 1815 non
3206 1760 3403 1819 cum

1080 1849 1347 1928 Graeca
1392 1845 1839 1929 scribimus:
1901 1868 2072 1929 tum
2131 1848 2344 1927 enim
2407 1844 2500 1925 ab
2564 1841 2834 1923 iisdem
2894 1867 3396 1928 mutuamur:

1078 1955 1210 2043 sed
1250 1960 1567 2065 proprie
1622 1962 1703 2036 in
1744 1958 2083 2039 Latinis:
2141 1980 2226 2040 ut
2283 1960 2366 2040 in
2419 1956 2583 2046 his,
2653 1970 2901 2045 Servus
2953 1958 3030 2037 ὃ(
3092 1960 3399 2068 Vulgus,

1082 2068 1473 2152 AEolicum
1520 2067 1917 2179 digamma
1974 2065 2461 2153 desideratur,
2571 2073 2664 2148 Et
2707 2064 3006 2153 medius
3048 2067 3158 2151 est
3221 2074 3405 2179 qui-

1082 2178 1266 2265 dam
1310 2179 1385 2266 V
1440 2186 1517 2267 ὅ(
1556 2185 1592 2261 1.
1640 2179 1882 2266 litera:
1923 2177 2169 2265 sonus,
2233 2185 2426 2263 Non
2464 2183 2678 2261 enim
2716 2178 2815 2269 fic
2862 2199 3245 2295 optumum
3285 2180 3409 2263 di-

1080 2294 1374 2382 cimus,
1418 2315 1503 2371 ut
1548 2300 1926 2411 optimum.
2035 2295 2132 2403 Et
2174 2295 2255 2375 in
2294 2305 2519 2378 Here,
2554 2317 2808 2481 negue
2851 2294 2906 2374 E
2947 2289 3222 2400 plane,
3263 2323 3407 2377 ne-

1085 2429 1240 2508 que
1297 2402 1711 2509 laudium,
1827 2409 1959 2485 An
2015 2396 2276 2487 rursus
2349 2402 2511 2485 alia:
2572 2431 2651 2513 re
2711 2401 3044 2494 undent,
3106 2422 3409 2515 praet-er

1076 2513 1297 2602 illam
1351 2515 1823 2630 aspirationis
1871 2533 2144 2598 notam
2183 2518 2276 2607 1⁴,
2311 2541 2483 2628 qua:
2533 2512 2591 2618 si
2643 2512 3043 2599 necessaria
3085 2516 3242 2610 est,
3290 2508 3418 2601 etQ-

1080 2628 1238 2712 iam
1313 2630 1786 2724 contrariam
1867 2622 2005 2712 fibi
2068 2624 2313 2737 poscit
2355 2654 2423 2733 ,1.
2517 2631 2611 2709 Et
2656 2631 2773 2726 K,
2863 2655 3032 2741 quae
3091 2634 3170 2712 ὅ(
3240 2629 3416 2738 ipsa

1076 2739 1577 2846 quorundam
1634 2741 2054 2848 nominum
2116 2737 2656 2840 nota‚est;]&
2694 2742 2818 2848 Q
2875 2742 3085 2842 cujus
3122 2739 3425 2824 similis

1078 2849 1391 2939 effectus
1435 2848 1864 2962 speciesque
1897 2885 1932 2944 „-
1957 2843 2106 2950 ,nifi
2139 2846 2396 2963 iquodfl'
2420 2841 2833 2966 pa'ulumsa
2873 2852 3148 2942 nostris
3189 2855 3418 2935 obli-

1075 2986 1374 3070 quatur.
1468 2977 1706 3073 Kappa
1734 2955 1942 3074 apud
1995 2966 2310 3047 Graecos
2347 2987 2552 3044 nunc
2595 2955 2860 3046 tamen
2914 2968 2997 3045 in
3051 2992 3428 3050 nurnero

1072 3098 1377 3162 manet:
1471 3081 1550 3162 ὅ(
1590 3072 2030 3156 nostrarum
2093 3071 2369 3159 ultima
2419 3074 2542 3169 X,
2604 3102 2759 3186 qua
2821 3097 3087 3160 tamen
3122 3105 3432 3162 carere.

1068 3190 1516 3296 potui-mus,
1577 3183 1635 3272 fi
1684 3214 1850 3271 non
1908 3181 2436 3298 quaesissemuS.
2485 3192 2806 3301 ,Atque
2873 3192 3108 3273 etiam
3174 3193 3271 3269 in
3359 3195 3434 3272 i-

1071 3297 1219 3404 psis
1263 3300 1658 3385 vocalibus
1707 3301 2197 3404 grammatici
2240 3297 2362 3410 esi:¹
2406 3295 2714 3400 videre,
2759 3305 2855 3380 an
2897 3301 3177 3407 aliquas
3235 3330 3444 3411 pro

1070 3408 1660 3516 consonantibus
1738 3404 1909 3494 usus
1967 3411 2345 3520 acceperit
2385 3440 2424 3486 ε·
2477 3414 2654 3518 quia
2705 3407 2892 3518 Jam
2951 3410 3139 3494 sicut
3216 3427 3444 3500 Tam

1068 3520 1467 3617 scribitur,
1525 3524 1604 3600 δι’
1643 3527 1859 3628 Qos
1892 3539 1980 3605 ut
2025 3535 2173 3606 Cos.
2265 3523 2531 3632 Atque
2596 3544 2685 3606 ut
2719 3522 3022 3610 vocales
3061 3528 3448 3634 jungan-

1077 3651 1226 3720 tur.
1336 3654 1468 3718 aut
1530 3634 1745 3716 enim
1826 3658 2064 3726 unam
2135 3631 2458 3741 longam
2520 3633 2812 3719 faciunt
2845 3690 2868 3726 ‚
2930 3659 3017 3720 ut
3076 3661 3448 3727 veteres

1072 3740 1434 3852 scripsere
1476 3797 1506 3836 ‚‚
1563 3746 1700 3850 qui
1742 3747 2277 3850 geminatione
2333 3745 2603 3827 earum'
2667 3745 2880 3831 velut
2942 3751 3176 3856 apice
3227 3779 3458 3836 ute-

1074 3855 1399 3943 bantur:
1496 3876 1627 3936 aut
1678 3854 1904 3936 duas:
1999 3853 2138 3936 nifi
2199 3859 2369 3965 quis
2424 3879 2648 3964 putet
2703 3863 2935 3942 etiam
2995 3889 3094 3942 ex
3141 3868 3464 3953 tribus

1070 3966 1467 4076 Wassibus
1505 3965 1886 4088 syllabam
1932 3965 2150 4076 fieri3
2208 3969 2428 4085 quod
2457 3976 2729 4102 nequit
2747 4027 2776 4067 ,
2809 3969 2868 4053 si
2905 4000 3074 4059 non
3105 3973 3474 4085 aliquae

1172 4113 1225 4180 ,,·
1304 4153 1309 4170 .
1634 4160 1643 4167 .
2783 4089 2790 4092 ’
3101 4088 3474 4182 officio
