3557 5113
799 283 1029 419 398.

723 675 726 680 .
791 602 985 678 CAP.
1009 600 1060 676 1.

1389 263 1533 402 M.
1659 264 2037 364 me
2171 260 3128 406 QuNcTthm

1151 578 1260 660 est
1300 574 1709 659 adversarii
1756 629 1778 664 ,
1843 569 2054 652 nulla
2100 574 2289 652 oriri
2347 573 2664 679 quaestio
2699 573 2976 682 potest3
3035 578 3181 681 quia
3208 574 3314 652 nul-

1153 691 1230 772 la
1297 690 1388 770 fit
1442 691 1515 768 ei
1553 686 1676 766 de'
1701 684 1829 768 sua
1880 703 2098 790 parte
2145 685 2689 766 controverfia.·
2747 685 3093 766 Nondum
3137 707 3318 763 tamen

1157 831 1339 884 cura
1392 798 1719 880 deficiat.
1775 831 1789 851 ··
1833 797 1974 875 Ista
2023 801 2241 876 enim
2294 801 2577 877 omnia·
2605 797 2753 879 dici
2798 795 3065 904 poss'ent
3096 854 3112 879 .
3156 797 3318 874 etiam

1158 929 1321 997 nbn
1370 913 1720 993 restituto
1752 930 2023 1014 patre.
2092 955 2095 960 ,
2140 916 2312 988 Nec
2343 908 2612 989 'statim
2651 937 2748 990 eo
2783 907 3157 994 tendamus,
3176 902 3317 1000 quod

1162 1028 1498 1107 occurrit
1573 1022 1783 1100 ultro
1833 1052 1854 1115 ;
1902 1026 1977 1099 A
2035 1021 2319 1101 rustico
2390 1022 2837 1101 restitutum.
2928 1021 3065 1114 Qui
3114 1015 3178 1093 id
3214 1014 3314 1094 sub-

1169 1137 1407 1217 tiliter
1454 1155 1746 1242 quaeret
1784 1163 1809 1221 ·‚
1874 1131 2167 1238 aliquid
2215 1130 2576 1235 spectabit
2620 1134 2841 1213 ultra.
2919 1136 3101 1208 Nam
3142 1149 3202 1204 ut
3235 1149 3319 1228 ge-

1171 1275 1317 1328 nus
1364 1245 1698 1352 speciem
1742 1241 2083 1350 sequitur
2133 1299 2154 1327 ,
2221 1246 2326 1321 ita
2378 1243 2711 1349 speciem
2774 1269 2997 1350 genus
3050 1233 3318 1344 praecedit.

1173 1361 1578 1465 Fingamus
1624 1382 1815 1461 ergo
1870 1354 1967 1434 ab
2021 1354 2178 1435 alio
2237 1354 2673 1436 restitutum
2710 1413 2732 1447 ,
2790 1351 3231 1433 ratiocinativa
3249 1366 3314 1421 at·
3410 1401 3411 1442 ᾗ

1172 1495 1328 1578 que
1394 1467 1793 1549 collectiva
1851 1466 2168 1572 quaestio
2215 1469 2508 1546 orietur
2568 1499 2589 1561 ;
2683 1495 2784 1548 an
2840 1463 3165 1543 restitutio
3227 1478 3319 1559 pro

1173 1580 1597 1661 sublatione
1656 1576 1916 1678 judicii
1970 1575 2107 1667 fit,
2157 1581 2236 1657 &
2273 1578 2594 1681 perinde
2650 1577 2893 1662 valeat
2932 1633 2952 1659 ,
3017 1599 3089 1650 ac
3123 1566 3163 1645 fi
3196 1560 3320 1666 judi·

1082 1764 1093 1771 .
1176 1694 1387 1771 cium
1431 1686 1906 1768 nost-fuisset.
2005 1687 2156 1769 Ubi
2209 1690 2536 1768 tentabit
2595 1691 2902 1770 rusticus
2957 1683 3211 1764 dicere,
3257 1697 3318 1749 11⁰

1175 1807 1592 1907 impetrare
1633 1795 1953 1905 quidem
2013 1798 2265 1877 aliter'
2292 1801 2614 1904 potuisse
2685 1801 2984 1882 suorum
3038 1786 3319 1870 restitutio·

1059 1934 1078 1956 ·
1181 1939 1367 1991 nem
1423 1911 1995 2014 uno⁴praemio,
2061 1909 2200 1990 nisi
2260 1933 2477 2016 patre
2530 1911 2854 2018 perinde
2910 1935 2991 1990 ac
3037 1902 3082 1983 fi
3123 1891 3309 1979 παιῶ-

1174 2044 1294 2102 tus
1338 2048 1503 2102 non
1561 2019 1741 2100 esset
1771 2076 1794 2110 ,
1835 2042 2217 2101 revocato
2260 2052 2280 2101 ε
2360 2049 2528 2130 quae
2577 2052 2702 2106 res
2756 2019 3076 2104 advocati
3113 2026 3314 2119 quoque

1180 2160 1499 2241 poenam
1542 2190 1563 2218 ,
1609 2145 1980 2238 tanquam
2027 2134 2090 2211 is
2144 2132 2726 2227 n0n³affuiffet,
2771 2128 3124 2215 remiserit.
3184 2120 3317 2232 Tum

1175 2249 1576 2330 veniemus
1626 2241 1725 2323 ad
1773 2241 1855 2322 id
1912 2242 2125 2351 quod
2178 2248 2531 2351 primum
2586 2244 3056 2331 occurrebam
3106 2224 3323 2312 Arustl·

1173 2385 1272 2439 co
1313 2356 1777 2436 *restitutum
1834 2354 1980 2433 effe
2060 2379 2381 2460 patrem.
2528 2360 2680 2440 Ubi
2739 2356 2971 2438 rursus
3041 2342 3323 2426 ratiocina-

1182 2495 1363 2550 mur
1428 2499 1450 2563 3
1568 2474 1694 2546 An
1744 2465 2140 2545 restitutor
2193 2473 2434 2576 accipi
2497 2467 2773 2550 debeat
2851 2492 2985 2574 pro
3028 2455 3323 2537 advocat&

1183 2607 1433 2688 quum
1491 2577 1575 2658 id
1623 2577 2055 2685 praestiterit
2096 2632 2120 2667 ,
2203 2580 2417 2686 quod
2460 2580 2868 2663 advocatus
2903 2573 3116 2684 petiit
3160 2596 3176 2659 3
3232 2579 3324 2638 ΜΕ

1179 2689 1630 2796 improbum
1687 2687 1778 2768 fit
1822 2715 1971 2795 pro
2018 2686 2248 2769 fimili
2297 2695 2603 2798 accipi,·
2637 2691 2850 2802 'quod
2898 2689 3052 2796 plus
3083 2678 3183 2759 est.
3226 2676 3325 2749 Re·

1178 2804 1391 2909 liqua
1455 2805 1611 2903 jam
1668 2802 2039 2905 aequitatis
2096 2799 2265 2881 sunt
2324 2859 2347 2892 ‚
2448 2807 2689 2885 utrius
2732 2801 2974 2903 justius
3016 2793 3091 2873 fit
3134 2775 3327 2866 defide-

1177 2917 1406 2992 rium.
1504 2910 1590 2990 ld
1646 2910 1897 3014 ipsum
1954 2909 2199 2990 adhuc
2259 2912 2639 2995 dividitur
2681 2972 2703 3007 ‚
2778 2905 3046 2994 etiamsi
3106 2910 3327 2997 uterque

1176 3022 1313 3103 fibi
1366 3046 1626 3104 totum
1677 3020 2117 3101 vendicaret
2147 3077 2171 3113 ,
2224 3051 2431 3104 nunc
2499 3029 2768 3136 utique
2810 3081 2832 3116 ‚
2884 3040 3048 3102 cum
3086 3009 3232 3092 alter
3260 2996 3327 3076 se-

1181 3134 1486 3214 missem
1523 3190 1545 3224 ‚
1626 3132 1822 3211 alter
1895 3132 2238 3213 universa
2293 3190 2317 3225 ,
2405 3137 2644 3217 fratre
2697 3131 3004 3216 excluso.
3107 3113 3220 3202 Sed
3255 3109 3326 3187 1¹¹⁵

1188 3247 1517 3325 tractatis
1559 3299 1583 3335 ,
1681 3248 1920 3323 etiam
1973 3273 2347 3351 magnum
2405 3250 2900 3330 momentum
2949 3240 3152 3320 habet
3200 3212 3331 3338 apud

1182 3356 1509 3454 judices,
1531 3358 1762 3462 patris
1813 3360 2199 3436 memoria
2228 3414 2251 3443 ‚
2332 3386 2514 3440 cum
2580 3359 2983 3467 praesertim
3050 3345 3136 3425 de
3190 3339 3334 3416 bon1⁵

1174 3470 1335 3564 ejus
1393 3486 1795 3572 quaeratur.
1878 3471 2039 3547 Erit
2076 3494 2265 3572 ergo
2306 3474 2746 3572 conjestura
2778 3526 2802 3561 ,
2845 3491 2985 3575 qua
3022 3470 3237 3539 mente
3258 3465 3336 3567 ,Pi

1181 3596 1301 3655 ter
1335 3578 1723 3658 intestatus
1775 3572 2187 3658 decesserit.
2304 3580 2453 3662 Sed
2502 3611 2592 3663 ea
2644 3585 2963 3691 pertinet
2998 3569 3081 3653 ad
3111 3555 3338 3671 quahta-

1184 3707 1348 3767 tem
1386 3720 1408 3784 3
1465 3715 1635 3796 quae
1671 3686 1984 3770 alterius
2013 3690 2239 3770 status
2275 3692 2868 3775 instrumentum
2904 3686 3021 3768 est.
3090 3676 3335 3782 Plerumj

1180 3823 1364 3904 que·
1395 3822 1677 3879 autem·
1712 3802 1794 3876 in
1868 3801 2023 3879 fine
2074 3799 2473 3884 causarum
2541 3805 2638 3886 de
2707 3804 3042 3911 aequitate
3090 3773 3340 3870 tratstabl‘

1185 3929 1312 4021 tur
1344 3964 1368 3999 ,
1447 3914 1628 4018 quia
1669 3911 1876 4011 nihil⁸
1919 3912 2280 3995 libentius
2333 3916 2618 4021 judices
2671 3914 3031 3998 audiunt:
3095 3898 3342 3999 aliquan·

1183 4017 1295 4102 do
1347 4043 1612 4103 tamen
1663 4022 1874 4104 hunc
1937 4022 2302 4108 ordinem
2377 4031 2708 4112 mutabit
2758 4024 3025 4109 utilitas
3061 4046 3084 4115 5
3141 4028 3263 4132 ”fa
3297 3986 3347 4065 ἢ

3170 4137 3229 4196 111
3251 4127 3328 4207 Ju-
