3557 5113
871 178 1053 291 116
1424 163 1582 271 M.
1693 167 2061 267 Fauii
2216 171 3170 317 Qincrttiam

729 473 917 549 cn.
939 472 1117 558 XV,
1145 451 1527 537 Patrocles
1559 509 1583 537 ‚
1656 455 1795 562 qui
1870 479 2030 532 non
2092 449 2410 559 quidem
2477 448 2736 556 adjicit
2758 509 2780 545 ,
2855 461 2936 534 in
2978 482 3236 565 quaque
3289 484 3383 544 m

758 574 765 579 ’
1144 567 1276 647 sed
1317 565 1513 647 nihil
1558 564 2020 671 excipiendo
2044 621 2064 649 2
2120 565 2334 646 idem
2389 563 2742 646 ostendit.
2835 572 2985 648 Vim
3041 574 3238 646 enim
3277 595 3388 646 vo-

1144 703 1269 761 cat
1321 678 1739 777 inveniendi
1788 678 1984 788 quod
2001 678 2108 786 sit
2147 686 2228 758 in
2282 687 2596 758 oratione
2632 676 3084 791 perfiaeqfibile.
3169 683 3285 786 qui
3320 678 3390 757 fi.·

1143 800 1279 873 nes
1321 799 1397 872 δι
1450 789 1585 898 ipsi
1636 790 1878 868 lolam
1931 790 2559 897 complectuntur
2619 795 3158 872 inventionem.
3191 792 3387 895 Qod

1142 909 1425 986 vitium
1475 904 1774 1009 fugiens
1824 895 2323 992 Theodorus,
2380 911 2539 981 vim
2595 925 2813 1008 putat
2885 905 3276 984 inveniendi
3319 901 3391 994 ό·

1143 1017 1516 1129 eloquendi
1558 1045 1719 1095 cnm
1766 1033 2025 1095 ornatu
2073 1013 2451 1095 credibilia
2495 1024 2579 1094 in
2615 1024 2811 1096 omni
2860 1023 3178 1097 oratione.
3278 1012 3390 1093 Sed

1140 1158 1329 1210 cum
1383 1125 1669 1207 eodem
1717 1124 1965 1205 modo
2016 1124 2410 1229 credibilia
2450 1150 2612 1236 quo
2668 1126 3161 1236 persuasibilia
3199 1129 3390 1205 etiam

1138 1246 1325 1323 non‘
1364 1260 1632 1320 orator
1694 1241 2035 1319 inveniat
2076 1271 2091 1317 ε
2158 1237 2591 1343 adjiciendo
2627 1296 2649 1323 ,
2711 1247 2792 1319 in
2841 1246 3029 1319 omni
3082 1248 3388 1325 oratione,

1132 1358 1379 1460 magis
1430 1378 1671 1461 quam
1707 1350 2178 1456 superiores,
2217 1347 2576 1432 concedit
2620 1351 2898 1453 scelera
2931 1374 3223 1459 quoque
3256 1376 3391 1455 per-

1125 1465 1657 1552 suadentibus,
1722 1461 2262 1568 pulcherrimae
2307 1466 2417 1542 rei
2473 1489 2787 1544 nomen.
2877 1466 3193 1569 'Gorgias
3228 1454 3386 1567 apud

994 1559 1025 1588 ⁶
1124 1578 1536 1658 Platonem
1580 1631 1604 1664 ,
1688 1571 2197 1680 persuadendi
2258 1574 2331 1653 se
2363 1594 2364 1597 ’
2402 1570 2784 1655 artificem
2857 1579 2940 1655 in
3009 1573 3280 1676 judicijs
3330 1573 3389 1650 &

1124 1688 1289 1789 alijs
1345 1687 1668 1769 coetibus
1703 1684 1849 1763 esst:
1897 1688 2038 1778 ait3
2105 1683 2204 1764 de
2248 1684 2455 1789 justis
2492 1684 2810 1796 quoque
2849 1693 2926 1769 &
2969 1686 3236 1789 injustis·
3273 1706 3390 1762 tra-

1125 1801 1364 1880 ctare:
1447 1801 1568 1878 cui
1608 1803 1954 1876 Socrates
2008 1794 2513 1902 persuadendi
2571 1828 2733 1879 non
2790 1798 3117 1879 docendi
3166 1819 3390 1876 conce·

1122 1909 1239 1991 dit
1290 1909 1762 1990 facultatem.
1863 2002 1868 2007 ¹
1935 1910 2092 2005 Qi
2153 1926 2363 1989 vero¹
2408 1937 2572 1990 non
2630 1916 2902 1992 omnia
2962 1908 3389 2014 subjiciebant

1126 2025 1462 2112 oratori,
1528 2018 1891 2100 solicitius
1944 2046 2030 2098 ac
2079 2021 2505 2106 verbosius,
2571 2046 2659 2103 ut
2722 2020 3013 2104 necesse
3066 2043 3250 2109 erat,
3294 2012 3389 2094 ad-

1129 2135 1551 2215 hibuerunt
1609 2130 2086 2212 discrimina:
2178 2161 2523 2242 quorum
2579 2134 2725 2216 fuit
2771 2134 3089 2218 Ariston
3123 2125 3388 2214 Critolai

1131 2247 1617 2354 Peripatetici
1677 2242 2088 2348 discipulus
2115 2301 2137 2336 ,
2200 2251 2413 2348 cujus
2485 2248 2609 2325 hic
2670 2242 2857 2327 finis
2920 2246 3031 2327 est
3058 2302 3080 2335 ,
3144 2245 3396 2353 stientia

1138 2358 1441 2441 ’videndi
1510 2355 1601 2449 ἀ·
1653 2354 1917 2466 agendi
1968 2365 2050 2435 in
2120 2357 2593 2467 qnqstionibus
2655 2356 3007 2442 civilibus
3037 2364 3040 2369 ’
3043 2385 3170 2474 per
3224 2357 3396 2436 ortti-

1142 2502 1341 2555 onem
1378 2471 1741 2584 populare&
1785 2467 2253 2579 perfitafiomk.
2370 2474 2524 2550 Hic
2585 2470 2993 2553 scienciam
3024 2525 3047 2564 ,
3095 2472 3254 2581 quia
3295 2466 3394 2542 Pe-

1142 2588 1589 2694 ripateticus
1644 2581 1757 2662 est
1789 2636 1814 2672 ,
1887 2607 2051 2661 non
2112 2603 2198 2661 ut
2251 2587 2543 2668 Stoici,
2601 2586 2812 2666 virtu
2830 2585 2922 2667 tis
2970 2584 3142 2665 loco
3176 2578 3393 2689 ponit:

1148 2694 1611 2814 popularem
1673 2715 1937 2773 autem
2007 2690 2750 2800 comprehendendo
2851 2694 3355 2805 persuasionem
3380 2740 3396 2766 ‚

1151 2812 1392 2889 etiam
1459 2801 2066 2885 contumeliosus
2137 2806 2247 2885 est
2339 2806 2690 2888 adversus
2780 2834 3047 2891 artem
3127 2798 3397 2887 orandi,

1153 2946 1393 3030 quam
1452 2916 1655 2996 nihil
1706 2936 1926 3024 putat
1983 2913 2231 2996 doctis
2305 2919 2865 3026 persuasuram.
2975 2918 3164 3002 nlud
3209 2915 3292 2996 de
3339 2939 3403 2987 o-

1154 3031 1466 3113 mnibus
1518 3031 1653 3138 qui
1719 3031 1926 3109 circa
1981 3027 2252 3112 civiles
2301 3029 2628 3113 demum
2689 3032 3145 3142 quaestiones
3199 3046 3402 3108 orato·

1154 3173 1329 3226 rem
1398 3139 1741 3245 judicant
1793 3138 2092 3221 versari·
2118 3198 2144 3235 ,
2193 3139 2492 3224 dietum
2563 3143 2653 3225 fit
2691 3201 2714 3237 ,
2797 3144 3107 3227 excludi
3180 3142 3263 3221 ab
3315 3136 3405 3213 his

1152 3257 1492 3366 plurima
1533 3259 1866 3335 oratoris
1909 3254 2175 3335 officia
2210 3287 2227 3335 ε
2293 3256 2512 3337 illam
2560 3279 2769 3338 certe
2817 3257 3263 3339 laudativam
3315 3270 3408 3323 to-

1159 3392 1365 3459 tam,
1422 3394 1591 3474 quae
1653 3366 1765 3445 est
1811 3368 2240 3448 rhetorices
2267 3381 2443 3476 pars
2488 3349 2766 3450 tei-tia.⁴
2854 3373 3159 3452 Cautius
3196 3361 3409 3442 Theo·

1124 3479 1395 3563 —dorus
1440 3475 1881 3570 Gadareus,
1924 3499 2012 3559 ut
2050 3482 2211 3581 jam
2254 3479 2355 3560 ad
2411 3508 2547 3562 eos
2585 3484 2996 3564 veniamus
3037 3482 3163 3590 qui
3202 3494 3408 3555 artem

1074 3607 1078 3612 ’
1156 3590 1483 3701 quidem
1536 3586 1685 3669 ess‘e
1751 3605 1938 3671 'eam
1973 3645 1999 3682 ,
2055 3588 2191 3671 se'd'
2251 3619 2415 3672 non
2468 3595 2846 3676 virtutem
2887 3650 2913 3686 ‚
2972 3601 3408 3702 putaverunt-

1156 3709 1266 3783 lta
1326 3704 1545 3783 enim
1603 3698 1797 3781 dicit
1844 3711 1895 3799 '(
1916 3723 2002 3783 ut
2052 3701 2228 3809 ipfis
2274 3731 2553 3786 eorum
2596 3706 2853 3787 verbis
2898 3702 3248 3812 utarqui
3290 3698 3412 3776 hoc

1154 3842 1255 3896 ex
1314 3817 1592 3894 Graeco
1645 3813 2242 3915 transtulerunt)
2308 3830 2451 3899 Ars
2523 3824 2905 3900 imoentrix
2944 3877 2969 3905 ‚
3041 3815 3131 3912 ὁ·
3182 3810 3414 3925 judica·

1155 3935 1315 4012 trix
1329 3983 1351 4013 ,
1404 3923 1495 4019 ὠ
1527 3933 1984 4009 enuntiatrix
2033 3926 2314 4012 ‘decente
2359 3955 2615 4013 ornatu
2627 3932 3031 4037 stcnndum
3058 3927 3418 4035 menstonm

3309 4056 3420 4130 qus
