3557 5113
1038 275 1261 355 utrique.
1341 274 1386 334 A
1426 268 1661 352 personis
1683 256 1814 349 quin
1861 288 1929 329 ue
1949 256 2150 327 modis.
2192 254 2402 325 Asturis
2419 303 2435 333 ,
2460 262 2705 344 patroni.
2735 264 3051 344 litigatoris,
3075 267 3166 332 t'ei,
3188 263 3238 327 ἆ
3263 264 3346 340 ius

1030 360 1180 417 dicis.
1257 355 1497 421 Astoris,
1518 350 1743 408 duflum
1770 288 1963 407 officio
1985 348 2360 425 cognationis,
2387 345 2668 414 amicitia,
2689 347 2760 402 rei
2804 350 2885 402 ub.
2915 346 3004 404 vel
3029 350 3215 425 magni
3249 369 3342 404 ex-

1033 429 1424 511 e'mplivcnisse
1450 429 1519 487 ad
1553 427 1826 507 agendum
1851 425 2118 491 dicendo,
2151 444 2266 481 non
2297 423 2521 482 avaritia
2558 424 2639 481 vel
2669 365 2975 482 ambitione
2998 464 3014 488 ,
3044 445 3137 483 aut
3164 424 3298 486 odio
3322 466 3344 491 ‚

1036 533 1136 570 nec
1161 508 1548 574 contumeliose
1576 509 1658 565 vel
1692 509 1744 563 in
1772 507 2053 580 personam
2082 503 2162 560 vel
2182 505 2235 559 in
2262 500 2511 560 ordinem
2537 520 2851 578 quenquam
2875 502 3108 580 agendo.
3155 506 3342 561 Patro·

1037 591 1113 653 ni,
1142 590 1510 664 eloquentiam
1530 586 1726 643 asteris
1746 592 1795 643 ἀ
1816 584 2050 662 gratiam
2075 582 2267 638 timere
2290 577 2629 647 simulando,
2655 599 2780 637 cum
2809 578 3033 646 honore,
3059 583 3345 641 autetiam

1032 688 1127 746 per
1146 664 1534 723 contumeliam
1554 662 1845 737 suspestam
1862 658 2151 717 reddendo.
2175 657 2488 735 Litigatoris
2507 695 2525 723 ,
2545 662 2654 727 ejus
2678 658 3009 737 dignitatem
3031 659 3344 739 allegando,

1030 764 1130 805 aut
1161 744 1536 804 infirmitatem
1561 737 2007 797 commendando
2033 776 2052 800 ‚
2081 753 2174 794 aut
2201 739 2384 795 sexum
2409 777 2426 800 ,
2458 752 2673 794 :etatem
2703 769 2722 798 ‚
2749 736 3193 797 conditionemve
3220 777 3238 805 ,
3275 754 3346 797 ex

1033 823 1231 900 quibus
1256 837 1538 877 moveatur
1562 818 1833 875 miseratio
1854 853 1871 883 ,
1900 814 2241 893 proferendo.
2325 815 2446 877 Rei,
2470 813 2766 879 invidiam,
2784 810 2822 870 ii
2842 832 3035 889 potens
3063 812 3165 872 site
3204 835 3348 875 eon.

1033 918 1304 979 temptum
1322 938 1335 961 ,
1364 896 1401 955 si
1430 898 1618 955 vilis&
1647 894 1880 964 abicCtus
1903 919 1919 951 .-
1959 892 2151 954 odium
2178 890 2242 958 ,fi
2263 910 2461 950 nocens
2474 910 2567 951 aut
2593 907 2762 968 turpis
2781 930 2798 955 ,
2823 892 2874 951 ci
2909 889 3347 973 conflando.Ju.

1036 980 1199 1044 dicis,
1220 996 1351 1034 cum
1375 973 1616 1034 modeste
1644 972 1784 1032 &ad
1813 970 2022 1032 eausam
2039 970 2450 1033 accommodate
2473 969 2753 1028 laudando
2769 1012 2786 1033 ,
2819 971 3143 1048 opinionem
3162 971 3352 1031 domo

1036 1056 1259 1115 allatam
1286 1050 1696 1114 confirmando,
1728 1049 1811 1110 vel
1830 1048 2189 1110 detrahendo.
2227 1065 2436 1106 metum
2464 1048 2783 1106 amovendo
2812 1048 2893 1107 vel
2920 1047 3252 1115 adhibendo,
3294 1058 3348 1113 Α

1004 1134 1185 1203 eausa
1211 1132 1391 1209 aliqua
1419 1131 1473 1188 in
1505 1131 1658 1187 usum
1690 1129 1937 1207 principii
2002 1145 2083 1184 uae
2103 1127 2344 1185 maxime
2372 1124 2679 1186 favorabilia
2710 1125 3031 1187 videbuntur
3053 1127 3345 1205 decerpen-

1039 1212 1143 1277 do,
1171 1217 1228 1269 dc
1252 1208 1535 1288 augendo:
1564 1200 1828 1269 contra'ria
1851 1148 2160 1281 repeilendo
2184 1207 2238 1261 ὅ(
2265 1203 2600 1272 minuendo,
2623 1204 3024 1264 miserationem
3047 1207 3115 1264 ab
3138 1206 3350 1266 infelici

1038 1288 1225 1347 nostro
1252 1297 1396 1344 exitu
1413 1326 1429 1351 ,
1454 1292 1508 1344 δι
1534 1283 1756 1360 superbo
1782 1284 2065 1343 adversarii
2084 1279 2124 1337 si
2147 1283 2460 1343 vincamur,
2485 1281 2795 1342 movendo.
2870 1282 2955 1344 Ab
2977 1284 3040 1342 iis
3061 1304 3179 1361 qu:
3209 1305 3337 1362 pet..

1037 1370 1184 1425 sonis
1203 1366 1453 1437 adjuncta
1479 1364 1595 1421 sunt
1611 1404 1627 1424 ,
1656 1362 1881 1435 liberos,
1903 1375 2180 1439 parentes,
2202 1378 2300 1436 pro
2342 1361 2658 1439 inquitates,
2685 1362 2983 1429 amicitias,
3008 1364 3352 1441 rogationes,

1038 1444 1311 1506 civitates,
1333 1441 1675 1519 proferendo.
1715 1438 1800 1497 Ab
1819 1440 2086 1508 adjunctis
2111 1439 2293 1502 causae,
2327 1459 2490 1497 ocum
2508 1477 2526 1505 ,
2542 1453 2774 1514 tempus,
2801 1437 3074 1504 habitum,
3095 1442 3348 1518 expesta·

1038 1525 1250 1581 tionem
1279 1521 1426 1599 vulgi
1448 1560 1463 1582 ,
1488 1520 1762 1578 astionem
1785 1517 2172 1595 proponendo:
2199 1516 2446 1594 optando
2462 1549 2482 1580 ,
2507 1516 2888 1577 abominando
2907 1557 2926 1586 ,
2950 1518 3219 1597 rogando,
3238 1519 3351 1579 sol·

1033 1601 1245 1659 licitum
1270 1598 1508 1677 agendo.
1591 1601 1971 1656 Attentionem
1994 1596 2198 1673 parari,
2227 1615 2306 1654 res
2331 1614 2508 1654 novas
2531 1633 2551 1664 ,
2580 1610 2824 1661 atroces,
2855 1615 3118 1675 magnas,
3147 1597 3214 1655 ad
3246 1617 3351 1656 ex.

1034 1676 1396 1755 emplum‚vel
1421 1677 1490 1733 ad
1519 1675 1658 1751 ipsos
1675 1674 1878 1744 judices
1903 1676 2240 1749 pertinentes,
2267 1693 2442 1752 neque
2458 1672 2552 1731 diu
2573 1691 2675 1732 nos
2703 1689 3022 1741 moraturos,
3052 1695 3222 1752 neque
3246 1696 3352 1735 ex-

1034 1774 1112 1815 tra
1132 1753 1345 1813 causam
1364 1754 1630 1820 dicturos,
1656 1752 2058 1829 promittendo.-
2077 1757 2133 1809 δι
2160 1752 2213 1816 in
2239 1749 2323 1808 his
2350 1753 2519 1810 etiam
2543 1751 2816 1829 optando,
2833 1750 3227 1817 abominando,
3246 1775 3346 1815 ro·

1038 1832 1257 1913 gando,
1282 1832 1565 1889 sollicitum
1591 1829 1824 1909 agendo.
1862 1829 2079 1887 Dociles
2105 1825 2241 1895 fieri,
2261 1848 2320 1886 ut
2353 1829 2407 1887 in
2434 1831 2754 1896 attentione,
2771 1850 2946 1908 neque
2970 1830 3063 1890 diu
3089 1852 3189 1890 nos
3216 1853 3347 1893 mo-

1038 1929 1274 1975 raturos,
1300 1929 1473 1986 neque
1494 1928 1636 1968 extra
1666 1907 1877 1965 causam
1903 1908 2158 1973 dicturos,
2189 1907 2598 1984 promittendo,
2621 1906 3004 1987 summamque
3026 1910 3192 1969 caulie
3217 1909 3345 1973 bre-

1038 1992 1174 2051 viter
1191 1990 1239 2049 dc
1256 1987 1489 2047 dilucide
1510 1985 1821 2044 indicando.
1860 1988 1999 2064 Qae
2021 1990 2209 2045 omnia
2226 1984 2698 2062 quemadmodum
2724 1988 2778 2045 in
2801 2006 2906 2048 una
2923 1990 3175 2048 oratioue
3192 2009 3346 2049 non-

1038 2087 1321 2144 nunquam
1348 2064 1635 2144 ptaestanda
1668 2062 1801 2132 lint,
1835 2066 1907 2123 ita
1944 2067 1997 2121 in
2018 2063 2277 2121 omnibus
2310 2063 2490 2123 locum
2517 2083 2631 2123 non
2660 2064 2847 2123 habere
2877 2082 2894 2130 ε
2935 2086 3059 2125 cum
3084 2064 3185 2123 sint
3211 2087 3348 2144 qux

1040 2147 1473 2207 benevolentiam
1499 2186 1515 2209 ,
1555 2144 1659 2203 alia
1687 2164 1809 2222 quae
1837 2142 2170 2201 docilitatem
2193 2147 2249 2199 &
2268 2144 2631 2202 attentionem
2671 2142 2982 2204 desiderent.
3064 2148 3348 2224 Qoeirca

1035 2244 1233 2303 genera
1262 2223 1657 2302 causarum,pto
1680 2240 1916 2298 quorum
1945 2222 2197 2279 varietate
2222 2219 2367 2277 aliud
2388 2237 2551 2298 atque
2568 2220 2711 2278 aliud
2735 2220 3094 2299 praestandum
3120 2222 3213 2292 est,
3231 2224 3347 2287 effe

1033 2301 1408 2382 cognoscenda
1433 2326 1447 2358 :
1489 2321 1610 2378 quae
1632 2299 1850 2377 plurimi
1876 2299 2119 2376 quinque
2147 2296 2403 2359 fecerint.
2441 2296 2730 2357 honestum
2760 2337 2778 2362 ,
2814 2300 3017 2361 humile
3045 2340 3072 2367 r
3099 2301 3344 2364 dubium

1012 2384 1353 2457 ’νικος-τρε,
1368 2378 1714 2445 admirabile,
1732 2376 2018 2436 obscurum
2038 2398 2052 2431 :
2076 2393 2204 2433 narn
2231 2391 2385 2453 turpe
2412 2373 2505 2433 sub
2528 2375 2724 2435 humili
2746 2379 2828 2437 vel
2850 2379 3152 2439 admirabili
3175 2400 3347 2442 eom·

1034 2458 1323 2536 prehendi,
1365 2464 1419 2516 δι
1452 2459 1506 2515 in
1538 2456 1759 2532 ancipiti
1795 2453 2016 2532 quidem
2057 2452 2302 2521 iudicem>
2328 2458 2567 2513 maxime
2614 2454 2943 2521 benevolum
2976 2458 3124 2518 reddi
3159 2478 3346 2536 opor.

1035 2559 1176 2604 tere,
1196 2541 1253 2595 in
1277 2536 1501 2595 obscuro
1522 2533 1780 2597 docilem,
1805 2537 1860 2589 in
1886 2531 2079 2590 humili
2103 2547 2371 2590 attentum
2392 2574 2406 2596 ,
2428 2535 2485 2592 in
2504 2532 2811 2594 admirabili
2841 2544 2890 2596 ὰ
2920 2553 3004 2596 tur
3044 2538 3346 2600 iremediis

1034 2634 1128 2693 per
1150 2613 1570 2673 insinuationem
1593 2631 1733 2688 opus
1756 2605 1884 2670 effe:
1909 2627 1977 2692 ⁸ut
2003 2607 2040 2665 fi
2068 2612 2287 2685 persona
2306 2610 2707 2675 laboremus,ad
2728 2615 2964 2674 causam:
2987 2559 3040 2672 sp
3052 2616 3197 2675 causa
3215 2658 3232 2681 ,
3256 2618 3341 2677 ad

1034 2692 1318 2770 personam
1347 2691 1725 2768 confugiamus
1749 2712 1764 2745 :
1813 2687 1850 2745 fi
1875 2687 1960 2748 his
1978 2687 2354 2753 destituamur,
2385 2690 2534 2767 quod
2562 2690 2923 2751 adversarium
2947 2694 3102 2753 laedat
3126 2715 3346 2774 quatra-

1033 2788 1200 2831 mus.-
1240 2789 1333 2826 aut
1355 2767 1391 2824 fi
1427 2767 1635 2844 fatigati
1668 2767 1792 2824 sunt
1815 2805 1831 2829 ,
1854 2766 2155 2825 urbanitate
2189 2784 2496 2844 opportuna
2535 2770 2788 2828 animum
2827 2769 3146 2838 reficiamus,
3168 2791 3260 2832 aut
3289 2773 3346 2836 (ἰ

1035 2844 1285 2925 persuasit
1308 2845 1410 2903 illis
1434 2843 1782 2911 adversariuS,
1806 2842 2009 2902 nostras
2025 2843 2374 2919 probationes
2390 2847 3037 2924 promittendo,adversas
3058 2849 3333 2912 eluamus.

1036 2929 1068 3007 fl
1090 2923 1364 2985 Invehitur
1393 2925 1447 2981 in
1470 2922 1855 2982 declamatores
1878 2923 1972 2998 qui
1998 2923 2146 2998 plura
2168 2918 2269 2981 effe
2294 2923 2459 2983 tribus
2482 2927 2632 3001 stipra
2661 2928 2962 2984 nominatis
2984 2928 3187 2987 exordii
3207 2950 3344 2991 mu.

1010 3003 1158 3063 'nera
1186 2998 1466 3066 volebant,
1487 3021 1606 3078 quae
1631 3002 1819 3060 omnia
1851 3001 1907 3057 in
1935 2998 2046 3058 haec
2071 3002 2168 3058 tria
2188 3000 2414 3060 recidere
2437 3000 2685 3062 ostendit.
2771 3006 2913 3061 Hinc
2938 3007 3238 3085 generalem
3259 3008 3342 3069 cle

1031 3082 1241 3141 exordii
1274 3086 1917 3156 rationepraeceptionem
1946 3079 2136 3143 tradit,
2161 3095 2218 3135 ut
2249 3080 2304 3137 in
2332 3100 2400 3138 eo
2428 3081 2758 3147 intueamur,
2784 3085 2937 3158 quid,
2966 3085 3107 3162 apud
3137 3107 3340 3163 quem,

1034 3181 1134 3238 pro
1156 3179 1289 3238 quo,
1318 3177 1502 3216 contra
1528 3177 1713 3234 quem,
1738 3176 1852 3233 quo
1878 3175 2152 3233 tempore,
2179 3174 2292 3233 quo
2321 3155 2443 3217 loeo
2462 3197 2478 3223 ‚
2506 3179 2612 3234 qua
2638 3158 2784 3239 vulgi
2813 3160 2989 3230 fama,
3012 3183 3125 3240 quo
3147 3184 3340 3226 rerum

1031 3240 1188 3304 statu,
1206 3258 1314 3317 qua
1329 3237 1516 3306 iudicis
1540 3237 1805 3312 opinione
1824 3231 1886 3291 sit
1914 3232 2620 3294 dicendum.1.audatiffima
2640 3235 2741 3296 ess‘e
2769 3240 2983 3298 exordia
2998 3242 3340 3301 demonstrat

1033 3339 1157 3395 quar
1183 3318 1252 3374 ab
1270 3318 1483 3373 afflone
1510 3317 1667 3391 partis
1691 3312 1921 3372 adversar
1943 3314 2221 3371 materiam
2248 3312 2624 3393 trahanttquia
2655 3315 2882 3391 suspecta
2912 3338 3022 3375 non
3053 3317 3154 3377 sint
3175 3321 3341 3397 quass

1033 3398 1188 3453 domi
1216 3393 1488 3450 meditata.
1537 3392 1876 3460 Elocutionis
1901 3393 2031 3447 item
2049 3397 2102 3448 δε
2129 3390 2360 3449 astionis
2392 3411 2426 3438 σ
2498 3410 2560 3449 us
2587 3397 2815 3452 exordio
2837 3400 3126 3456 convenire.
3156 3401 3340 3459 maxi.

1032 3493 1155 3538 me,
1180 3471 1237 3526 in
1260 3487 1378 3543 quo
1412 3486 1568 3526 crunt
1619 3470 1809 3525 omnia
1829 3467 2120 3526 mediocria
2147 3471 2201 3525 ὅ(
2232 3467 2394 3527 mode
2489 3470 2817 3531 »sententie
2850 3510 2870 3537 ,
2910 3493 3021 3534 vox
3045 3515 3060 3537 ,
3101 3476 3281 3537 vultus
3303 3522 3332 3544 ,

1028 3545 1358 3624 compositio
1380 3587 1396 3610 ,
1421 3567 1449 3602 a
1494 3565 1608 3622 quo
1636 3545 1805 3602 aberit
1838 3545 2057 3604 verbum
2088 3565 2260 3603 omne
2297 3547 2463 3604 insole
2506 3563 2546 3613 s,
2575 3549 2830 3609 audacius
2865 3554 3176 3613 translatum
3201 3596 3219 3620 ,
3251 3556 3344 3615 ab

1027 3628 1265 3687 obsoleta
1285 3621 1542 3681 vetustate
1560 3624 1845 3697 repetitum
1865 3664 1880 3687 ,
1915 3641 1942 3678 a
1968 3626 2174 3698 poetica
2203 3625 2417 3684 licentia
2502 3630 3013 3708 mptum,quodque
3034 3648 3336 3711 argumen-

1029 3706 1213 3763 tosum
1240 3704 1403 3759 nimis
1430 3742 1447 3766 ,
1491 3719 1545 3756 ιιι
1577 3699 1649 3757 est
1674 3696 2056 3757 confirmatio.-
2112 3717 2209 3759 nec
2240 3704 2449 3779 prorsus
2482 3701 2592 3762 sine
2617 3710 3174 3786 argumentationibus
3200 3749 3216 3773 ‚
3263 3730 3338 3772 ut

1026 3781 1103 3842 est
1126 3780 1395 3838 narratio:
1440 3797 1612 3854 neque
1637 3778 1765 3835 luxu
1793 3780 1957 3836 nimis
1981 3773 2261 3845 diffluens,
2290 3797 2347 3837 ut
2378 3783 2497 3839 sunt
2522 3787 2876 3859 perorationis
2899 3787 3032 3845 locis
3056 3787 3137 3844 scd
3167 3792 3337 3866 quod

1027 3860 1271 3920 medium
1294 3855 1554 3933 quiddam
1573 3858 1703 3915 inter
1720 3857 1831 3914 haec
1857 3860 2047 3918 omnia
2075 3858 2360 3920 obtinebit,
2375 3861 2427 3917 in
2447 3880 2560 3938 quo
2581 3861 2780 3921 turbari
2799 3866 3065 3926 me’moria
3083 3864 3144 3923 fit
3160 3867 3342 3950 longe

1025 3934 1388 4020 turpissimum
1417 3934 1679 4000 futurum.
1756 3938 1918 4026 Btcvf
1944 3951 2037 3999 aut
2077 3936 2310 4017 longum
2337 3936 2435 4001 effe
2469 3939 2656 4003 deb'cre
2709 3955 2872 4022 proiit
2894 3947 3044 4009 causa
3075 3947 3331 4081 crirlper-

1079 4035 1087 4042 ·
3141 4041 3178 4103 p
3202 4042 3346 4096 exa.
