3557 5113
746 172 1091 349 744,ι
1227 190 3229 335 ”MFlk-a'u‘Quincti'mani

694 461 1010 550 CARX·
1108 491 1348 571 bent:
1416 513 1639 599 atque
1694 488 1876 571 ideo
1940 491 2300 574 nondum
2362 494 2472 574 est
2511 497 2884 602 perfestus
2918 519 3258 580 orator:
3301 532 3368 583 a:

1095 602 1371 683 nescio
1420 632 1515 683 an
1553 630 1669 683 ars
1702 605 1856 684 ulla
1893 636 1910 681 t
1977 632 2140 685 non
2182 605 2431 687 solum
2469 613 2648 717 quia
2688 609 2895 691 aliud
2935 614 3020 690 in
3067 612 3374 695 alioma-

933 804 936 806 ,
1111 720 1229 822 gis
1285 720 1572 796 eminet
1612 771 1633 806 ,
1701 715 1828 795 sed
1865 715 2079 824 quod
2135 746 2302 798 non
2350 749 2498 800 una
2533 725 2891 804 omnibus
2945 724 3213 805 forma
3244 730 3374 835 pla.

1026 843 1052 847 “
1091 834 1306 919 cuit,
1379 832 1661 934 partim
1696 827 2152 908 conditione
2194 832 2321 911 vel
2358 856 2808 939 temporum
2845 836 2970 920 vel
3009 837 3375 935 locerm,

1110 945 1399 1045 partim
1448 940 1735 1039 judicio
1768 940 2127 1048 cujusque
2149 965 2382 1050 atque
2412 944 2828 1050 propofito.
2908 952 3195 1042 Primi,
3216 980 3376 1060 quo·

1098 1077 1294 1243 33⁰3
1301 1050 1673 1248 ,ΞὛἙΞἍ
1692 1079 2070 1270 2133·ssssss
2071 1055 3374 1278 ”futffiffii‘sssnx‘ssdssofy‘gsszgffss

1101 1301 1255 1382 que
1299 1275 1770 1382 Aglaophon
1802 1332 1825 1366 ,
1891 1304 2230 1385 quorum
2271 1279 2598 1387 simplex
2622 1280 2840 1362 color
2902 1307 3071 1365 tam
3107 1286 3216 1370 sui
3241 1290 3368 1372 stu-

1098 1385 1357 1468 diosos
1403 1388 1652 1469 adhuc
1696 1389 1971 1480 habet,
2043 1413 2129 1470 ut
2167 1390 2297 1470 illa
2339 1420 2585 1500 prope
2622 1393 2995 1480 rudia,ac
3038 1401 3371 1483 velutfn·

1104 1520 1293 1585 turae
1338 1528 1527 1580 mox
1582 1504 1760 1582 artis
1806 1501 2279 1605 primordia,
2311 1508 2670 1585 maximis
2711 1510 2844 1612 qui
2885 1510 3065 1612 post
3099 1540 3233 1594 eos
3264 1541 3371 1596 ex·

1097 1608 1454 1692 stiterunt
1514 1613 1943 1693 audioribus
1995 1613 2499 1719 praeferantur
2532 1671 2556 1707 ‚
2642 1622 2977 1727 proprio
3045 1625 3369 1731 quodam

1094 1722 1582 1828 intelligendi
1616 1734 1644 1818 (
1661 1745 1747 1804 ut
1786 1750 1961 1803 mea
2002 1724 2152 1805 fert
2176 1729 2499 1833 opinio)
2529 1730 2846 1820 ambitu,
2925 1736 3110 1815 1²0st
3138 1739 3368 1823 zeufis

1088 1850 1323 1938 atque
1338 1833 1756 1915 Parrhasius
1790 1835 2302 1918 nonmultum
2328 1857 2549 1920 aetate
2575 1840 3366 1933 distantemtelo·

1094 1943 1455 2049 ponnefia
1472 1945 1706 2027 ambo
1725 1967 2080 2053 tempora
2102 1958 2130 2045 (
2148 1977 2330 2030 nam
2351 1979 2533 2031 eum
2551 1954 3345 2063 Parrhafiosermsn-

1095 2057 1320 2135 eratis
1355 2053 1559 2162 apud
1579 2045 2201 2163 Xenophontem
2234 2066 2681 2171 invenitur)
2734 2068 3169 2174 plurimum
3223 2077 3360 2157 arti

1084 2162 1564 2248 addiderunt.
1659 2174 2017 2268 Qorum
2062 2177 2295 2279 prior.
2317 2175 2705 2257 luminum
2772 2182 3370 2300 munusque

1089 2278 1454 2361 inveniffi:
1490 2282 1874 2363 rationem
1897 2338 1925 2373 ‚
1979 2283 2351 2369 secundus
2387 2289 2846 2371 examinasti:
2905 2292 3258 2383 suffllius
3286 2301 3367 2383 li-

1090 2416 1274 2473 neas
1315 2390 1656 2474 traditur.
1783 2400 1990 2475 Nam
2048 2396 2299 2479 Zeusis
2351 2401 2524 2506 plus
2589 2404 2971 2486 membris
3030 2416 3366 2520 commis

1088 2496 1346 2593 dedit,
1378 2503 1461 2587 id
1495 2504 1829 2614 amplius
1859 2528 2088 2616 atque
2123 2510 2500 2617 augustius
2532 2535 2739 2596 ratus
2763 2571 2786 2606 ,
2822 2539 3070 2629 atque
3108 2534 3140 2622 (
3158 2550 3372 2610 utet-

1088 2613 1479 2713 istimant)
1523 2621 1965 2700 Homerum
2009 2620 2339 2715 secutus,
2394 2629 2517 2707 cui
2546 2625 3010 2713 validiffima
3048 2663 3372 2750 quaeqoe

1072 2721 1343 2803 ‚forma
1388 2730 1623 2805 etiam
1654 2732 1736 2809 in
1768 2731 2112 2813 foeminis
2161 2735 2432 2837 placet.
2499 2737 2634 2818 lue
2669 2748 2860 2822 vero
2896 2745 3007 2825 ita
3041 2753 3365 2835 circum-

932 2904 938 2912 .
1082 2831 1377 2942 scripsit
1418 2840 1688 2920 omnia
1726 2893 1753 2932 ,
1818 2863 1906 2922 ut
1939 2868 2123 2924 eum
2155 2845 2753 2950 legumlatorem
2789 2880 3085 2942 vocent
3117 2920 3147 2956 ,
3197 2870 3362 2974 qim

1080 2944 1430 3040 deorum.
1466 2970 1698 3059 atque
1741 2951 2077 3036 heroum
2109 2960 2422 3066 ‚effigies
2462 2963 2718 3071 quales
2762 2965 2861 3048 ab
2897 2997 3002 3052 eo
3020 2973 3365 3060 simu-a-

1086 3057 1268 3142 ditae
1300 3117 1323 3146 ‚
1383 3065 1638 3146 eaet'eri
1679 3086 2046 3174 tanquam
2077 3071 2182 3148 ita
2201 3074 2493 3155 neeesse
2527 3075 2662 3169 fit,
2697 3077 3145 3187 sequuntur.
3211 3091 3371 3174 no.-

1089 3175 1244 3252 ruit
1279 3197 1541 3255 autem
1587 3178 1788 3256 circa
1823 3180 2308 3287 Philippum,
2371 3192 2450 3269 δι
2501 3189 2730 3295 usque
2769 3191 2866 3272 ad
2906 3195 3371 3287 successores

1079 3283 1510 3376 Alexandri
1541 3342 1565 3373 ,
1631 3291 1928 3387 pistura
1988 3299 2370 3402 praecipue
2415 3354 2441 3390 ,
2476 3299 2622 3382 -sed
2677 3301 2988 3388 divcrfis
3061 3318 3369 3398 virtuti-

1070 3392 1235 3480 bus.
1327 3403 1536 3480 Nam
1569 3423 1756 3484 curat
1795 3407 2259 3510 Protogenes
2296 3466 2320 3493 ,
2417 3416 2717 3493 ratione
2768 3420 3222 3527 Pamphilus
3281 3456 3375 3514 ae

1066 3505 1581 3601 Melanthius,
1627 3511 1992 3598 facilitate
2013 3518 2458 3625 Antiphilus
2479 3582 2503 3609 ,
2566 3530 3104 3636 concipiendis
3123 3539 3377 3625 νῶ-

1065 3616 1293 3700 nibus
1329 3631 1363 3716 (
1382 3650 1568 3730 quas
1590 3626 1999 3724 φαντασίαις
2035 3646 2369 3734 vocant)
2428 3637 2710 3719 Theon
2752 3646 3049 3729 Samius
3081 3705 3112 3740 ‚
3147 3652 3374 3761 inge-

1061 3730 1204 3808 nio
1253 3736 1333 3811 &
1377 3737 1620 3837 gratia
1658 3793 1681 3821 ‚
1745 3765 1981 3844 quam
2025 3744 2107 3821 in
2155 3742 2230 3823 st:
2271 3750 2434 3854 ipse
2469 3754 2814 3834 maxime
2855 3760 3092 3859 jastat
3132 3819 3160 3854 ,
3245 3774 3361 3847 A.

1070 3839 1310 3946 pelles
1344 3845 1456 3924 est
1510 3846 2180 3952 praestantissimus.
2318 3861 2907 3967 Euphranorem
2944 3871 3343 3956 admiran-

1056 3949 1261 4048 dum
1304 3955 1488 4045 facit
1519 4013 1546 4048 ,
1608 3961 1830 4071 quod
1867 3968 1950 4054 &
1970 3972 2258 4058 caeteris
2279 3977 2602 4084 optimis,
2617 3976 2878 4070 studiis
2912 3986 3135 4071 inter
3155 4012 3334 4093 ρετ-

3043 4120 3332 4215 expuo·-
