3557 5113
731 176 1034 375 598n
1200 217 1348 327 M.
1465 218 1885 324 Flam
2034 216 3165 355 Qiucrxttawi

702 545 889 624 cn.
929 542 988 616 l.
1063 538 1147 614 in
1191 529 1478 638 dispari
1517 523 1828 610 dicendi
1870 526 1994 608 via
2016 543 2183 603 uter
2222 519 2309 604 sit
2346 527 2574 628 poi-lta
2598 518 2925 612 melior,
2952 521 3145 601 inter
3179 514 3321 626 plu-

1070 651 1315 726 rimos
1356 645 1735 750 quaeritur.
1807 637 2043 744 quue
2080 663 2259 741 ego,
2293 638 2468 742 quia
2491 632 2589 713 ad
2634 632 3085 738 praesentern
3110 653 3328 711 mate-

1071 762 1268 837 riam
1304 752 1489 836 nihil
1522 755 1885 858 pertinet,
1909 746 2420 847 injudicatum
2465 743 2844 852 relinquo,
2960 741 3331 849 Illudqui-

1074 869 1258 949 dem
1293 892 1534 944 nemo
1571 891 1733 942 non
1772 861 2103 940 fateatur
2137 857 2427 938 necess'e
2470 855 2604 944 est,
2643 858 2730 935 iis
2765 859 2901 964 qui
2925 854 2998 934 se
3022 853 3119 934 ad
3135 880 3327 959 agen·

1074 979 1265 1059 dum
1352 997 1810 1080 comparant
1845 1027 1870 1063 ‚
1934 968 2331 1050 utiliorem
2378 968 2612 1073 longe
2668 965 3115 1073 Euripidem
3170 966 3331 1048 fore.-

1080 1097 1444 1197 Namque
1499 1088 1627 1167 hic
1661 1091 1740 1166 &
1780 1083 2132 1164 sermone
2189 1134 2214 1170 ‚
2270 1107 2433 1188 quo
2468 1077 2719 1186 ipsum
2766 1075 3333 1185 reprehendunt,

1144 1201 1366 1280 uibus
1409 1201 1738 1305 gravitas
1783 1203 1857 1275 ὃ(
1903 1192 2326 1273 cothurnus
2373 1196 2455 1271 ὃς
2520 1191 2747 1271 sonus
2810 1189 3204 1296 Sophoclis
3247 1190 3331 1265 vi-

1083 1227 1319 1393 detur
1355 1308 1502 1388 effe
1537 1308 1937 1389 sublimior
1976 1359 2004 1396 ‚
2054 1308 2299 1410 magis
2334 1301 2635 1383 accedit
2674 1305 3025 1383 oratorio
3060 1301 3331 1409 generi:

1088 1430 1170 1504 ὃ(
1207 1422 1595 1502 sententiis
1637 1419 1917 1500 densus
1949 1450 1974 1507 ,-
2008 1421 2087 1496 ὃ(
2128 1419 2209 1495 in
2252 1418 2341 1496 iis
2374 1441 2538 1523 qua:
2567 1442 2611 1493 a
2652 1413 3112 1520 sapientibus
3132 1408 3329 1493 tradi-

1087 1555 1166 1613 ta
1201 1533 1412 1622 sunt,
1450 1559 1649 1637 pene
1693 1528 1868 1636 ipfis
1904 1554 2046 1632 par
2058 1561 2087 1617 ,-
2130 1531 2211 1608 &
2254 1529 2334 1605 in
2367 1523 2700 1607 dicendo
2720 1554 2807 1606 ac
2839 1518 3338 1632 respondendo
3462 1551 3463 1554 ¹

1087 1644 1403 1726 cuilibet
1447 1669 1722 1723 eorum
1748 1645 1883 1747 qui
1926 1639 2237 1717 filerunt
2275 1641 2359 1717 in
2397 1636 2575 1718 foro
2605 1637 2893 1730 diserti,
2923 1660 3336 1742 comparan-

1085 1756 1249 1836 dus.
1338 1762 1425 1834 ln
1459 1752 1846 1834 affestibus
1886 1776 2083 1832 vero
2126 1772 2300 1829 tum
2339 1750 2695 1829 omnibus
2741 1756 3025 1834 mirus,
3074 1769 3224 1828 tum
3266 1748 3336 1824 in

1090 1869 1185 1946 iis
1212 1859 1349 1973 qui
1391 1865 1882 1944 miseratione
1925 1860 2298 1946 constant,
2322 1861 2544 1941 facile
2565 1865 3009 1970 praecipuu&
3040 1860 3333 1939 Hunc&

1089 1974 1509 2056 admiratus
1546 1979 1889 2055 maxime
1923 1971 2039 2054 est
2115 1982 2145 2069 (
2176 1995 2259 2052 ut
2297 1972 2491 2078 saepe
2516 1973 2831 2054 testatur
2870 1986 2908 2071 )
2941 1979 3016 2053 ὅ(
3052 1971 3327 2056 secutus

1086 2113 1530 2196 quanquam
1576 2091 1658 2166 in
1694 2113 1934 2193 opere
1975 2083 2306 2177 diverso,
2332 2083 2757 2167 Menander
2800 2118 2821 2165 ε
2857 2082 3337 2195 quivelunus

1091 2226 1286 2280 meo
1323 2197 1640 2307 quidem
1680 2198 1966 2298 judicio
1990 2251 2015 2287 ‚
2047 2194 2461 2302 diligenter
2497 2197 2763 2289 lestus,
2798 2197 2898 2278 ad
2928 2196 3347 2304 cuniiaqm}

1093 2314 1584 2419 praecipimus
1618 2308 2024 2390 efficienda
2049 2308 2369 2389 sufficiat
2402 2339 2421 2387 z
2470 2313 2578 2389 ita
2614 2337 2935 2390 ornnem
2973 2314 3151 2392 vitae
3194 2309 3347 2386 ima-

1091 2427 1359 2528 ginem
1381 2420 1742 2527 expressit
1778 2454 1796 2500 :
1844 2442 2050 2500 tanta
2076 2423 2157 2499 in
2197 2448 2301 2500 eo
2324 2422 2770 2504 inveniendi
2813 2426 3066 2528 copia,
3111 2427 3185 2503 ὅ(
3215 2416 3347 2496 elo-

1098 2532 1393 2641 quendi
1424 2533 1780 2615 facultas:
1821 2530 2051 2612 itaest
2081 2532 2444 2612 omnibus
2488 2533 2756 2625 rebus,
2801 2532 3170 2641 personis,
3206 2527 3354 2611 affe-

1105 2646 1352 2725 ctibus
1397 2642 2055 2731 accommodatus.
2166 2650 2333 2724 Nec
2374 2646 2574 2724 nihil
2613 2647 2969 2752 profefilo
3019 2644 3357 2730 viderunt,

1097 2759 1236 2864 qui
1294 2762 1682 2836 orationes
1719 2783 1889 2865 quae
1935 2755 2254 2838 Charisii
2292 2760 2616 2837 nomine
2652 2756 2992 2839 eduntur
3031 2814 3061 2848 ‚
3142 2785 3191 2836 a
3215 2757 3351 2834 Me-

1106 2865 1410 2948 nandro
1449 2866 1761 2974 scriptas
1799 2888 2093 2973 putant.
2204 2866 2350 2948 Sed
2394 2870 2588 2947 mihi
2622 2867 2853 2975 longe
2893 2871 3147 2976 magis
3225 2891 3362 2945 ora·

1111 3002 1242 3059 tor
1264 2978 1573 3085 probari
1607 2981 1690 3058 in
1724 3006 1963 3085 opere
1986 2977 2123 3058 suo
2157 2978 2491 3071 videtur,
2507 2978 2650 3063 nifi
2672 2981 2873 3061 forte
2898 3005 3036 3061 aut
3061 2978 3187 3060 illa
3207 2977 3363 3057 civi·

1117 3090 1222 3171 lia
1239 3089 1518 3193 judicia
1539 3118 1714 3200 quae
1742 3086 2248 3193 Επιτρὲφοντος,
2274 3089 2630 3202 ετίκληςος
2650 3148 2673 3184 ,
2706 3089 2912 3190 Λοχὸς
2928 3092 3219 3174 habent
3241 3108 3366 3168 :aut

1121 3202 1266 3282 illae
1304 3200 1671 3282 difflones
1694 3205 1778 3283 in
1812 3193 2175 3307 ψοφοδέκ,
2200 3201 2561 3302 Νομοθέτη,
2596 3199 3085 3309 τπσςολιμάιῳ
3119 3229 3269 3286 non
3300 3226 3367 3279 o-

1118 3315 1426 3393 mnibus
1445 3317 1801 3396 oratoriis
1820 3317 2163 3394 numeris
2181 3314 2351 3396 sunt
2369 3296 2912 3424 ablblutaeAEgo
2949 3340 3216 3397 tamen
3235 3313 3372 3420 plus

1117 3422 1367 3504 adhuc
1402 3423 1777 3533 quiddam
1814 3426 2281 3508 collaturum
2331 3427 2475 3508 esse
2515 3428 3159 3510 declamatoribus
3189 3449 3375 3536 puto,

1123 3538 1495 3642 quoniam
1537 3537 1655 3616 his
1696 3537 1989 3618 necesle
2028 3537 2141 3617 est
2178 3539 2595 3621 secundum
2641 3541 3183 3623 conditionem
3230 3563 3373 3619 con·

1046 3710 1052 3716 .
1125 3645 1669 3729 troversiarum
1698 3647 1955 3753 plures
1990 3649 2237 3731 subire
2270 3650 2647 3757 personas,
2677 3674 3021 3759 patrum,
3038 3653 3380 3736 filiomm,

1121 3761 1609 3847 maritorum,
1652 3760 2018 3847 militurn,
2051 3762 2530 3855 rusticorum,
2557 3763 2913 3852 divitum,
2953 3786 3382 3873 pauperum,

1122 3868 1649 3962 irascentium,
1693 3870 2274 3979 deprecantium
2338 3931 2363 3966 ‚
2421 3881 2776 3968 mitium,
2810 3877 3269 3984 asperorum.
3302 3875 3377 3949 ln

1119 3979 1397 4091 quibus
1483 3984 1838 4094 omnibus
1877 3990 2077 4072 mire
2117 3988 2541 4097 custoditur
2592 3989 2689 4079 ab
2724 3990 2879 4078 hoc
2916 4002 3156 4101 poeta
3182 3985 3370 4069 deco·

3200 4118 3377 4182 nlm-
