3557 5113
743 203 972 386 430
1205 225 1270 290 Ψ
1410 235 1578 348 M„
1653 234 2031 339 FA1311
2137 229 3116 370 Q1Ncr1L1A'N1

687 573 1074 655 estjvl,
1101 550 1490 661 postulant
1527 569 1614 632 ut
1671 553 1948 633 vicena
1988 545 2411 627 conferant.
2541 551 2753 626 Nam
2809 553 2889 629 &c
2938 548 3152 628 aster
3208 548 3383 632 dicit

1096 667 1256 748 hoc
1297 665 1445 746 esse
1487 661 2011 773 quadruplum
2060 657 2275 769 quod
2316 680 2530 766 petat
2568 713 2592 749 ‚
2657 666 2739 741 δε
2798 663 2912 740 rei
2987 662 3141 742 hoc
3197 663 3384 772 quod

1100 777 1431 861 offerant
1465 807 1483 856 ε
1553 776 1909 859 voluntas
1956 798 2269 883 quoque
2306 776 2670 879 utrinque
2701 771 3164 856 defenditur.
3236 783 3380 857 Aut

1103 918 1286 974 cum
1329 888 1427 970 de
1472 889 1721 970 altero
1762 884 2169 966 intellectu
2212 906 2521 964 certum
2573 882 2685 964 est
2726 940 2753 976 ‚
2831 885 2932 966 de
2979 888 3229 968 altero
3263 887 3382 969 du-

1104 1004 1339 1084 bium.
1435 1015 1552 1080 liv
1599 1008 1966 1081 meretrice
2023 1022 2242 1079 natus
2278 1052 2303 1086 ‚
2376 1026 2468 1076 ne
2508 1004 2966 1080 concinetur.
3038 1047 3061 1056 -
3085 1006 3269 1107 Qae
3303 1001 3383 1080 fi-

1102 1115 1305 1194 lium
1357 1111 1687 1193 habebat
1720 1167 1746 1205 ,
1800 1110 2139 1219 prostare
2188 1111 2432 1215 coepit
2517 1141 2536 1188 ε
2630 1111 3094 1193 Prohibetur
3153 1113 3383 1194 adole·

1105 1225 1319 1307 stens
1376 1229 1781 1306 concione.
1876 1229 2087 1303 Nam
2131 1221 2231 1302 de
2292 1225 2454 1322 ejus
2502 1220 2676 1302 filio
2714 1279 2740 1313 ‚
2803 1249 2997 1333 quae*
3018 1246 3197 1306 ante
3233 1253 3381 1333 par-

1107 1360 1280 1420 tum
1321 1338 1697 1418 meretrix
1737 1337 1932 1427 fuit,
1973 1355 2278 1414 certum
2316 1331 2428 1412 est
2460 1366 2487 1408 .-
2541 1361 2640 1414 an
2668 1333 2950 1415 eadem
2987 1336 3377 1441 hujusmu-

1106 1449 1185 1531 sa
1233 1447 1324 1529 fit
1360 1503 1385 1541 ‚
1433 1447 1760 1530 dubium
1800 1446 1955 1537 est,
2004 1451 2185 1554 quia
2244 1471 2343 1525 ex
2392 1446 2536 1524 hac
2585 1469 2805 1528 natus
2846 1503 2869 1538 ‚
2936 1454 3016 1528 ὃ(
3052 1449 3211 1531 haec
3245 1478 3378 1529 me-

1104 1565 1349 1642 retrix
1383 1560 1514 1642 est.
1611 1560 1822 1640 Solet
1879 1563 1959 1639 δε
1997 1557 2191 1638 iflud
2230 1558 2472 1664 quaeri
2510 1590 2536 1648 ,-
2586 1585 2749 1666 quo
2786 1559 3161 1642 referatur
3192 1560 3376 1671 quod

1107 1673 1481 1782 scriptum
1545 1670 1658 1750 est
1692 1705 1719 1763 ,-
1792 1676 1922 1747 Bis
1974 1671 2065 1749 de
2127 1669 2371 1750 eadem
2411 1698 2486 1750 re
2537 1699 2626 1749 ne
2659 1671 2762 1781 fit
2811 1680 3002 1752 adio
3046 1709 3071 1752 .·
3150 1673 3228 1753 id
3260 1672 3377 1763 est,

1108 1784 1264 1865 hoc
1325 1785 1478 1875 bis,
1536 1781 1634 1862 ad
1678 1782 2072 1872 asturem,
2126 1808 2226 1861 an
2277 1781 2376 1860 ad
2433 1781 2840 1864 afflonem.
2958 1790 3257 1865 Haecex
3281 1790 3378 1885 ju-

1108 1923 1196 1978 re
1238 1895 1586 1976 obsturo.
1695 1895 2060 1973 Alterum
2097 1919 2336 2000 genus
2385 1893 2495 1971 est
2534 1920 2639 1972 ex
2682 1896 3125 1976 mamfesto:
3170 1894 3376 2003 quod

1115 2012 1251 2115 qui
1294 2006 1549 2087 solum
1584 2003 1950 2086 viderunt
1972 2060 1996 2096 ‚
2032 2006 2270 2086 -hunc
2313 2003 2591 2084 statum
2651 2007 2860 2112 plani
2904 2013 3010 2088 ·&
3059 2007 3376 2089 volunta·

1112 2124 1213 2202 tis
1251 2117 1853 2227 appellaverunt.
1942 2123 2035 2197 ln
2085 2117 2238 2198 hoc
2285 2114 2524 2196 altera
2561 2143 2735 2223 pars
2774 2119 3067 2225 scripto
3107 2122 3385 2211 nititur,

1114 2230 1368 2322 altera,
1394 2232 1816 2315 voluntate.
1905 2228 2055 2311 Sed
2086 2250 2357 2310 contra
2404 2227 2771 2335 scriptum
2819 2230 3061 2313 tribus
3345 2237 3355 2247 ’

1112 2347 1255 2428 bus
1305 2346 1760 2426 occurritur.
1843 2347 2109 2426 Unum
2169 2341 2280 2422 est
2312 2396 2333 2430 ,
2407 2343 2487 2419 in
2539 2368 2701 2448 quo
2754 2343 2836 2424 id
2892 2342 3173 2426 servari
3212 2344 3387 2424 sem-

1059 2527 1070 2534 .
1109 2484 1250 2565 per
1300 2475 1488 2537 non-
1509 2453 1720 2564 posse
1778 2481 1879 2534 ex
1919 2452 2086 2561 ipso
2144 2474 2378 2560 patet.
2490 2452 2739 2536 Liberi
2783 2481 3130 2571 parentes
3178 2462 3389 2542 alm.

1107 2574 1258 2670 aut!
1290 2576 1731 2651 vinciamur.
1845 2572 2035 2647 Non
2085 2570 2301 2645 enim
2346 2563 2777 2672 alligabitur
2828 2571 3099 2652 infans.
3196 2576 3390 2651 Hinc

1102 2683 1252 2761 erit
1305 2680 1591 2762 adalia
1642 2675 1995 2759 tranfitus
2030 2733 2054 2769 ‚
2119 2683 2198 2758 &
2251 2675 2573 2770 divifio5
2614 2707 2808 2763 num
2850 2683 3191 2793 quisquis
3244 2710 3393 2764 non

1110 2792 1385 2873 aluerit
1428 2824 1450 2885 ς
1506 2818 1699 2871 num
1743 2790 1871 2867 hic
1896 2824 1920 2879 ,-
1995 2811 2321 2896 propter
2354 2790 2528 2870 hoc.
2583 2796 3040 2901 Proponunt
3076 2794 3381 2905 quidam

1113 2905 1264 2984 tale
1307 2930 1548 3010 genus
1601 2899 2304 2982 controversiarum
2344 2958 2367 2986 ‚
2431 2905 2512 2981 in
2566 2929 2730 3010 quo
2816 2907 3134 2988 nullum
3192 2936 3393 3015 argu·

1107 3037 1469 3096 mentum
1526 3012 1637 3092 est
1681 3068 1704 3103 ‚
1758 3011 1976 3120 quod
2027 3039 2126 3092 ex
2164 3013 2338 3119 lege
2395 3011 2556 3120 ipsa
2597 3019 2762 3122 peti
2796 3017 3031 3126 poffit
3056 3075 3080 3111 ‚
3154 3019 3273 3102 sed
3302 3018 3393 3097 de

1108 3158 1210 3211 eo
1249 3148 1559 3207 tantum
1599 3123 1708 3219 ‚de
1748 3150 1910 3232 quo
1952 3125 2046 3205 lis
2086 3123 2199 3205 est
2235 3180 2260 3209 ‚
2318 3125 2828 3232 quaerendum
2872 3130 2987 3211 fit.
3086 3142 3389 3241 Peregri-

1107 3273 1242 3324 nus
1304 3270 1330 3319 ι
1373 3264 1660 3321 maram
1695 3238 2080 3344 astenderit
2098 3291 2122 3329 ,
2165 3245 2393 3348 capite
2412 3247 2795 3347 puniatur.
2884 3251 3094 3325 Cum
3160 3245 3402 3324 hostes

1103 3378 1421 3433 murum
1477 3347 1973 3435 aseendiffent
2008 3406 2032 3440 ‚
2117 3352 2569 3457 peregrinus
2630 3380 2765 3433 eos
2824 3352 3161 3461 depulit.
3228 3360 3405 3464 peti-

1099 3489 1231 3547 tur
1273 3464 1370 3544 ad
1427 3461 1909 3567 supplicium.
2022 3468 2211 3542 Non
2271 3482 2500 3545 erunt
2538 3463 2667 3544 hie
2704 3465 3060 3573 stparatae
3108 3470 3413 3579 quaesti·

1104 3603 1298 3657 ones
1333 3631 1357 3667 ,
1412 3600 1512 3654 an
1556 3569 1895 3680 quisquis
1924 3626 1949 3664 ‚
2004 3601 2105 3655 an
2154 3575 2281 3655 hic
2324 3604 2343 3654 ε
2416 3578 2595 3682 quia
2645 3579 2951 3660 nullum
2990 3584 3277 3688 potest
3316 3584 3414 3663 af-

1103 3689 1291 3769 ferri
1344 3706 1893 3792 argumentum
1931 3707 2204 3768 contra
2240 3685 2621 3794 scriptum
2704 3693 3271 3778 vehementius
3328 3726 3417 3777 eo

1109 3797 1329 3910 quod
1366 3800 1449 3876 in
1490 3799 1626 3876 lite
1674 3795 1843 3876 est:
1901 3797 2032 3878 sed
2091 3800 2245 3879 hoc
2299 3820 2656 3893 tantum,
2715 3831 2817 3884 an
2875 3831 2977 3886 ne
3017 3804 3425 3891 servanda

1110 3910 1434 4021 quidem
1488 3911 1816 3995 civitatis
1871 3908 2108 3991 caufix.
2185 3915 2393 4019 Ergo
2452 3918 2532 3994 &
2589 3919 2948 4023 aequitate
3007 3923 3095 4000 δε
3142 3922 3431 4005 volun-

1107 4048 1268 4133 *tate
1321 4019 1853 4134 pugnandum·
1965 4026 2158 4105 Fieri
2192 4044 2458 4108 tamen
2528 4028 2783 4134 potest
2831 4084 2863 4123 ‚
2947 4053 3043 4115 ut
3076 4060 3188 4115 ex
3249 4033 3432 4115 aliis

1083 4182 1092 4189 ·
1275 4182 1287 4201 ,
1323 4224 1338 4235 ,
1946 4164 1951 4173 ‘
2042 4166 2049 4179 '
2144 4196 2153 4205 ·
2194 4190 2205 4207 ·
2244 4182 2253 4195 ³
3102 4145 3430 4252 legibus
