3557 5113
878 257 1013 367 14

739 509 1098 590 cav.n.
1182 545 1191 553 ·

1412 221 1564 325 Μ.
1676 224 2086 361 ΡΑιιιι,
2181 197 3194 369 (ζιιιικιετιιιιιιιι

1350 511 1575 587 SED
1640 505 1862 586 nobis
1915 507 2073 608 jam
2122 500 2494 612 paulatim
2567 500 3001 586 adcrescere
3054 524 3289 607 puer,
3362 505 3444 584 &t

1149 621 1361 698 exire
1404 618 1502 698 de
1550 618 1899 723 gremio,
1943 645 2030 696 ac
2079 615 2364 695 discere
2416 614 2612 693 serio
2649 617 2980 721 incipiat.
3076 617 3252 690 Hoc
3301 615 3444 720 igi-

1151 752 1281 809 tur
1319 728 1802 841 potissimum
1852 727 2034 807 loco
2096 725 2482 821 tractanda
2523 726 2837 835 quaestio
2881 725 3028 815 est,
3092 723 3444 802 utiliuliie

1148 840 1242 919 sit
1283 841 1503 919 domi
1542 863 1768 948 atque
1811 841 2009 921 intra
2042 842 2383 944 privatos
2421 841 2746 944 parietes
2790 835 3224 917 studentem
3260 860 3447 911 con-

1151 956 1436 1043 tinere,
1506 979 1603 1033 an
1658 953 2105 1058 frequentia:
2161 944 2653 1041 scholarum,
2707 952 2784 1028 ὅ(
2855 949 3067 1029 velut
3123 943 3447 1053 publicis

1148 1063 1746 1171 praeceptoribus
1784 1059 2103 1141 tradere
2202 1057 2440 1179 Qod
2472 1058 2791 1169 quidem
2832 1086 3013 1141 cum
3058 1060 3145 1137 iis
3200 1085 3241 1136 a
3276 1059 3448 1162 qui-

1150 1176 1295 1255 bus
1358 1171 1942 1257 clarissimarum
2011 1173 2413 1253 civitatUm
2503 1197 2763 1252 mores
2848 1169 3018 1250 sunt
3077 1164 3444 1257 instituti,

1155 1274 1331 1364 tum
1386 1281 1996 1367 eminentissimis
2054 1279 2483 1365 austoribus
2525 1281 2756 1365 video
2791 1258 3166 1387 placuisse.
3257 1285 3446 1358 Non

1148 1395 1265 1475 est
1340 1420 1602 1481 tamen
1656 1383 2330 1483 dissimulandum,
2420 1392 2564 1473 esse
2626 1376 3092 1481 nonnullos,
3154 1394 3293 1498 qui
3353 1389 3446 1471 ab

1150 1507 1305 1586 hoc
1358 1534 1603 1612 prope
1659 1506 1973 1612 publico
2043 1506 2264 1583 more
2305 1504 2602 1613 privata
2639 1503 2969 1629 quadam
3032 1499 3445 1624 persuasio·

1151 1644 1252 1697 ne
1293 1616 1741 1699 distentiant.
1841 1619 1950 1697 Hi
2010 1613 2199 1695 duas'
2252 1643 2631 1726 praecipue
2674 1619 3005 1695 rationes
3061 1614 3267 1720 sequi
3338 1640 3445 1691 vi-

1148 1728 1475 1810 dentur:
1572 1754 1806 1807 unam
1829 1782 1852 1817 ,
1907 1725 2122 1837 quod
2177 1722 2522 1808 moribus
2576 1729 2818 1831 magis
2880 1725 3278 1809 consulant
3335 1723 3446 1803 fu-

1150 1837 1438 1944 giendo
1480 1839 1784 1919 turbam
1823 1828 2239 1917 hominum
2279 1841 2437 1941 ejus
2479 1840 2762 1924 aetatis,
2815 1864 2985 1962 quae
3028 1836 3116 1916 sit
3171 1834 3271 1914 ad
3335 1838 3442 1914 vi-

1153 1953 1256 2029 tia
1314 1950 1652 2028 maxime
1709 1977 1994 2074 prona.
2081 1946 2288 2030 unde
2327 1947 2596 2058 rcausas
2656 1953 3000 2055 turpium
3059 1947 3443 2027 fastorum

1151 2052 1346 2166 saepe
1409 2059 1758 2142 exstitisse
1815 2063 2113 2140 utinam
2188 2010 2375 2139 falso
2459 2061 2879 2163 jastaretur.
3035 2059 3442 2146 Alteram,

1152 2170 1368 2277 quod
1426 2170 1761 2279 quisquis
1817 2172 2115 2252 flaturus
2177 2170 2287 2252 est
2344 2170 2472 2249 ille
2513 2193 2984 2277 praeceptor,
3059 2170 3442 2248 liberalius

1151 2303 1510 2390 tempora
1538 2282 1663 2362 sua
1713 2280 2192 2391 impensurus
2234 2285 2368 2362 uni
2419 2281 2762 2372 videtur,
2801 2310 3039 2390 quam
3078 2280 3131 2358 si
3168 2280 3442 2360 eadem

1152 2394 1237 2473 in
1275 2392 1532 2501 plures
1566 2397 1957 2500 partiatur.
2050 2396 2269 2473 Prior
2326 2388 2539 2473 caula
2578 2392 2884 2499 prorsus
2924 2398 3191 2499 gravis.
3230 2397 3440 2470 Nam

1151 2501 1209 2587 fi
1270 2504 1530 2587 studiis
1580 2502 1934 2614 quidem
1966 2503 2257 2585 scholas
2315 2502 2662 2630 prodess'e
2685 2563 2709 2599 ,
2779 2504 3124 2585 moribus
3177 2526 3442 2583 autem

1151 2642 1435 2724 nocere
1472 2615 1852 2700 constaret
1875 2671 1898 2707 ,
1948 2619 2216 2722 potior
2256 2616 2451 2694 mihi
2504 2618 2701 2697 ratio
2731 2615 3042 2698 vivendi
3082 2615 3439 2704 honeste,

1148 2747 1388 2835 quam
1447 2726 1571 2808 vel
1625 2731 1926 2836 optime
1991 2725 2299 2808 dicendi
2331 2718 2745 2840 videretur.
2841 2727 2987 2809 Sed
3046 2755 3221 2806 mea
3274 2730 3441 2835 qui-

1150 2837 1339 2919 dem
1379 2838 1793 2929 sententia,
1844 2839 2099 2943 junsta
2142 2839 2276 2924 ista
2319 2832 2547 2948 atque
2592 2836 2993 2923 indiscreta
3053 2839 3240 2919 sunt.
3285 2846 3437 2918 Ne-

1148 2975 1307 3056 que
1345 2953 1555 3028 enim
1596 2939 1754 3029 effe
1814 2973 2210 3030 oratorem
2263 2948 2403 3029 nifi
2460 2953 2756 3033 bonum
2819 2954 3075 3033 virum
3138 2949 3437 3052 judico:

1144 3062 1230 3144 &
1268 3053 1479 3152 fieri,
1515 3065 1749 3142 etiam
1791 3059 1848 3140 fi
1887 3060 2171 3167 postet,
2214 3058 2426 3140 nolo.
2523 3067 2649 3142 De
2690 3063 2832 3142 hac
2875 3092 2957 3144 re
3011 3065 3244 3169 igitur
3287 3064 3440 3168 pri-

1146 3199 1256 3252 us.
1352 3176 1820 3298 Coi-rumpi
1829 3200 2087 3255 mores
2123 3176 2208 3274 ιιι,
2231 3172 2516 3266 scholis
2558 3196 2865 3281 putant·
2932 3202 3115 3253 nam
3155 3178 3230 3254 &
3268 3202 3442 3253 cor

1148 3307 1608 3410 rumpantur
1640 3286 1991 3364 interim:
2059 3283 2206 3364 sed
2227 3282 2445 3364 domi
2484 3313 2852 3396 quoque:
2918 3285 3183 3366 adsunt
3231 3287 3446 3366 mul-

1151 3416 1229 3474 ta
1283 3399 1441 3495 ejus
1492 3399 1606 3473 rei
1666 3394 2067 3500 exempla,
2114 3385 2276 3474 tam
2309 3395 2666 3502 perditae
2699 3424 2934 3518 quam
2976 3397 3443 3478 conservata:

1152 3497 1601 3616 sanstissime
1640 3505 2009 3612 utrobiqu
2085 3508 2490 3611 opinionis.
2588 3508 2882 3588 Natura
2921 3509 3283 3617 cujusque
3325 3533 3448 3590 to-

1155 3636 1327 3695 tum
1367 3642 1699 3724 curaque
1744 3609 1992 3698 distat.
2164 3645 2208 3696 a
2249 3640 2595 3706 mentem
2636 3618 2733 3700 ad
2785 3625 3049 3725 pejora
3104 3620 3442 3713 facilem,

1152 3724 1250 3808 da
1303 3723 1858 3836 negligentiam
1887 3717 2316 3857 {formandi
2371 3729 2999 3852 custodiendique
3063 3737 3146 3812 in
3218 3757 3446 3815 aetate

1149 3839 1406 3946 prima
1447 3838 1808 3945 pudoris.
1915 3868 2075 3921 non
2132 3845 2521 3923 minorem
2594 3841 2930 3948 flagitiis
2953 3844 3446 3929 occasionem

1149 3945 1435 4040 secreta
1448 3951 1953 4062 praebuerint.
2017 3960 2226 4038 Nam
2264 3958 2346 4038 ὅ(
2388 3955 2637 4062 turpis
2673 3954 2938 4062 potest
2981 3958 3146 4042 effi:
3163 3957 3452 4041 dome-

3216 4070 3450 4206 stieus
