3557 5113
848 237 1005 352 82
1260 230 1277 241 '
1373 218 1523 323 M.
1616 224 1995 326 FA1311
2138 218 3134 347 QlNcTtLrAm

671 516 928 605 ΩΑ).
990 516 1091 597 11.
1123 511 1204 589 &
1270 503 1683 615 quomodo
1744 502 2004 595 laudet
2043 534 2068 580 ·.
2189 503 2272 578 &
2323 498 2624 605 placere
2673 525 2843 607 quae
2891 496 3078 576 bene
3147 462 3367 581 dicet,

1124 647 1290 700 non
1335 616 1474 699 suo
1520 621 1764 723 magis
1818 642 2056 724 quam
2099 637 2383 690 eorum
2423 614 2743 689 nornine
2784 608 3220 692 delectetur,
3252 605 3362 709 qui

1120 732 1330 812 reue
1376 727 1839 832 judicabunt.
1951 729 2229 804 Pueros
2275 718 2885 821 adolescentibus
2922 716 3168 797 sedere
3221 738 3367 818 per·

1126 845 1420 925 mixtos
1446 895 1469 930 ‚
1518 867 1677 918 non
1735 838 1987 945 placet
2035 835 2248 914 mihi.
2401 839 2609 917 Nam
2662 829 2952 912 etiamsi
3022 830 3134 910 vir
3190 824 3374 912 talis,

1100 953 1442 1062 ,qualem
1499 949 1643 1030 esse
1682 969 1994 1055 oportet
2043 944 2298 1044 studiis
2359 943 2850 1051 moribusque
2897 934 3376 1047 praepositum,-

1098 1062 1561 1144 -modestam
1610 1062 1889 1140 habere
1951 1058 2202 1162 potest
2253 1059 2513 1145 etiamr
2553 1060 3031 1157 juventutem
3063 1107 3084 1141 ‚
3147 1070 3372 1126 tamen

1126 1175 1258 1256 vel
1313 1173 1715 1254 infirmitas
1777 1200 1820 1249 a
1868 1168 2414 1248 robustioribus
2466 1165 2873 1273 separanda
2921 1162 3068 1243 est:
3156 1164 3227 1238 δε
3272 1184 3372 1235 ca-

1094 1283 1463 1365 .rendum
1532 1311 1701 1363 non
1758 1279 2016 1361 solum,
2079 1280 2401 1358 crimine
2489 1275 2978 1383 turpitudinis
3020 1328 3054 1363 ‚.
3133 1292 3374 1350 verum

1129 1399 1365 1475 etiam
1418 1394 1857 1501 suspicione.
1965 1395 2156 1469 -Haec
2208 1387 2545 1470 notanda
2589 1388 2925 1468 breviter
2967 1381 3365 1491 existimavi.

1122 1512 1337 1586 Nam
1401 1529 1487 1588 ut
1551 1503 1732 1585 abfit
1790 1506 1881 1583 ab
1958 1501 2249 1581 ultimis
2314 1503 2522 1599 vitiis
2577 1498 2732 1604 ipse
2790 1517 3206 1603 praeceptor
3250 1489 3366 1568 hac

1089 1617 1366 1709 .scola;
1433 1647 1531 1697 ne
1582 1612 2186 1721 praecipiendum
2242 1610 2560 1720 quidem
2612 1609 2879 1690 credo,
2975 1612 3092 1685 Ac
3132 1602 3186 1683 fi
3225 1604 3368 1708 quis

1088 1727 1229 1808 -est
1289 1731 1421 1834 qui
1475 1727 1762 1831 flagitia
1813 1723 2207 1803 manifesta
2268 1727 2350 1802 in
2394 1719 2754 1828 eligendo
2811 1718 2966 1823 filij.
3000 1736 3374 1824 praecepto-

1085 1864 1207 1918 .re
1254 1866 1417 1916 non
1456 1844 1687 1925 vitet,
1749 1840 1906 1937 iam
1950 1835 2128 1912 hinc
2185 1834 2364 1913 sciat
2412 1858 2684 1913 caetera
2737 1826 3049 1939 quoque
3105 1853 3257 1934 quae
3287 1818 3368 1901 ad

1089 1948 1542 2029 ‘utilitatem
1587 1949 2002 2048 juventutis
2035 1971 2518 2049 componere.
2560 1970 2987 2031 conamur,
3046 1939 3198 2019 effe
3215 1934 3372 2023 fibi»

1084 2058 1267 2141 -hac
1302 2083 1519 2167 parte
1568 2057 1876 2151 omiffa,
1924 2057 2420 2165 supervacua..

707 2363 923 2440 cn,
979 2365 1098 2447 ΠΙ,
1371 2346 1535 2423 ΝΕ
1599 2341 1946 2449 illorum,
1977 2341 2295 2452 quidem
2368 2335 2744 2449 persuasio
2815 2338 3137 2423 filentio·
3172 2334 3378 2427 tranfi-

1124 2453 1375 2533 euntia
1446 2456 1554 2534 est
1586 2512 1608 2546 ,
1673 2459 1805 2565 qui
1860 2459 2094 2567 etiam
2146 2479 2328 2535 cum
2400 2454 2719 2535 idoneos
2774 2453 3074 2536 rhetori
3123 2474 3372 2562 pueros

1084 2669 1089 2680 1
1119 2589 1583 2670 putaverunt
1607 2624 1627 2659 ‚
1692 2595 1852 2646 non
1906 2589 2165 2646 tamen
2200 2573 2573 2648 continuo
2610 2564 3027 2650 tradendos
3062 2565 3371 2645 eminen·

1119 2675 1408 2758 tiffimo
1450 2679 1774 2759 credunt
1808 2734 1829 2768 ‚
1897 2677 2022 2757 sed
2080 2677 2280 2786 apud
2333 2683 2673 2757 minores
2725 2675 3169 2786 aliquandiu
3209 2673 3372 2754 deti·

1088 2811 1359 2902 nent:
1463 2811 1828 2896 tanquam
1882 2787 2356 2869 instituendis
2414 2791 2698 2870 artibus
2772 2793 3023 2897 magis
3071 2786 3162 2867 stt
3223 2805 3375 2890 apta

1084 2897 1605 3016 ,rnediocritas
1660 2905 2150 3005 praeceptoris
2192 2956 2210 2990 ‚
2272 2925 2453 2980 cum
2510 2899 2605 2980 ad
2650 2899 3136 2981 intellestum
3175 2921 3376 3003 atque

1109 3011 1631 3089 imitationem
1707 3010 2005 3089 facilior
2041 3067 2064 3104 ,
2122 3033 2287 3089 tum
2349 3010 2445 3091 ad
2499 3010 3002 3118 suscipiendas
3067 3011 3378 3090 eIemen-

1110 3141 1375 3200 torum
1415 3124 1799 3202 molestias
1839 3126 2093 3202 minus
2133 3123 2464 3229 superba.
2544 3126 2718 3228 Qa
2762 3127 2849 3203 in⁴
2892 3153 2978 3204 re
3020 3123 3208 3202 mihi
3237 3144 3381 3199 non

1109 3233 1445 3313 arbitror
1511 3231 1642 3313 diu
1697 3233 2205 3315 laborandum
2243 3292 2265 3326 ‚
2330 3260 2417 3318 ut
2469 3230 2869 3314 ostendam
2942 3255 3227 3343 quanto
3297 3226 3380 3306 fit

1106 3344 1380 3424 melius
1433 3349 1748 3449 optimis
1808 3346 2096 3437 imbui,
2191 3370 2623 3456 quantaque
2671 3351 2752 3426 in
2811 3345 3160 3427 eluendis
3224 3366 3380 3446 quat

1101 3452 1340 3532 semel
1375 3455 1787 3558 insederint
1834 3461 2079 3559 vitijs‚
2145 3456 2553 3539 difficultas
2604 3456 3155 3565 consequatur:
3219 3478 3382 3533 cum

1101 3569 1585 3672 geminatum
1618 3594 1814 3647 onus
1853 3567 2337 3650 succedentes
2392 3592 2696 3678 premat
2719 3626 2740 3658 ,
2795 3574 2875 3647 ὅ(
2910 3566 3231 3677 quidem
3265 3562 3384 3642 de-

1095 3671 1425 3800 docendi
1460 3683 1765 3786 gravius
1802 3707 1887 3757 ac
1920 3681 2091 3787 plus
2127 3708 2364 3788 quam
2403 3679 2753 3761 docendi.
2819 3683 3154 3786 Propter
3188 3671 3388 3789 quod

1085 3784 1604 3871 Tlrnotheum
1662 3790 1957 3869 clarum
2001 3798 2081 3870 in
2137 3791 2307 3872 'arte
2358 3794 2718 3873 tibiarum
2756 3848 2778 3882 ,
2834 3791 3104 3873 ferunt
3150 3786 3389 3895 dupli-

1077 3917 1203 3983 ees
1233 3900 1330 3983 ab
1381 3904 1471 4007 ijs
1521 3913 1717 4017 quos
1750 3902 1939 3986 alius
1978 3895 2401 3986 institui'ss’et
2419 3960 2444 3999 ‚
2484 3903 2800 3987 solitum
2834 3909 3158 4017 exigere
3182 3927 3390 4097 cneig-

2463 4075 2468 4078 ⁴
3363 4035 3395 4092 S
