3557 5113
357 285 612 450 De
619 277 1063 490 Iffgstit.
1098 279 1808 457 oratoria,
1812 275 2114 440 Lib
2119 254 2315 444 V.
2672 270 2927 509 467

249 620 589 711 quentes
643 596 860 679 enim
905 593 1007 679 de
1066 590 1414 690 ornatu,
1487 590 1807 681 subinde
1858 626 2032 712 quae
2080 598 2257 683 sunt
2305 600 2559 685 vitan-
2576 592 2776 717 (μ’,
2794 634 2920 737 111²

249 714 414 805 da,
485 710 756 792 fimilia
798 710 1206 796 virtutibus
1261 714 1451 796 vitia
1469 766 1494 804 ‚
1557 711 1931 797 dicemus,
2014 721 2206 798 Sunt
2245 718 2554 799 inorna-

242 848 324 906 ta
366 832 454 909 &
486 824 715 915 haec,·
768 820 1006 930 Qiod
1043 825 1247 906 male
1283 823 1730 933 dispositum
1783 825 1896 907 est
1932 881 1958 920 ‚
2018 829 2100 912 id
2150 835 2558 930 ιινοικονὸμη.

248 968 425 1017 τον·
401 996 430 1033 ,
481 933 723 1042 Qod
757 936 957 1018 male
1003 936 1424 1045 figuratum
1447 993 1472 1030 ,
1516 938 1667 1022 ida:
1669 935 2067 1049 χῆμαι-ους
2102 940 2387 1036 Quod·
2393 970 2561 1023 ma·-

249 1051 328 1130 le
369 1050 854 1131 collocatum
877 1104 903 1145 ‚
975 1049 1058 1131 id
1107 1049 1611 1130 mmmm-
1641 1073 1946 1133 vocant.
2059 1054 2214 1138 Sed
2270 1052 2371 1133 de
2411 1051 2564 1134 dis-

249 1160 643 1271 pofitione
725 1160 1132 1244 diximus:
1194 1160 1293 1243 de
1329 1161 1594 1270 figuris
1621 1169 1706 1244 ὅ(
1739 1165 2300 1273 compositione
2351 1163 2562 1248 dice-

248 1303 454 1357 mus,
565 1272 904 1372 Κοινισμος
931 1300 1254 1384 quoque
1288 1274 1720 1383 appellatur
1756 1275 2111 1384 quaedam
2167 1282 2414 1358 mixta
2458 1308 2563 1363 ex

247 1390 471 1469 varia
530 1389 828 1466 ratione
883 1386 1325 1515 linguarum
1372 1393 1689 1481 oratio,
1750 1411 1838 1469 ut
1878 1388 1938 1469 s1
2005 1393 2283 1472 Atticis
2325 1396 2561 1472 Dori-

245 1527 337 1580 ca
379 1555 408 1592 ‚
474 1501 769 1589 Ionica,
814 1498 1111 1578 AEolica
1150 1505 1387 1580 etiam
1442 1499 1644 1582 dista
1705 1501 2149 1584 confundas,
2270 1505 2416 1583 Cui
2462 1501 2555 1586 fi-

245 1611 445 1692 mile
499 1613 786 1693 vitium
829 1598 939 1691 est
975 1610 1179 1738 apud
1220 1640 1364 1692 nos
1405 1666 1431 1703 ‚
1492 1611 1551 1694 fi
1615 1618 1786 1721 quis
1827 1611 2177 1695 sublimia
2239 1614 2553 1696 humili

253 1722 397 1803 bus
435 1779 458 1815 ,
509 1746 772 1806 vetera
813 1726 1101 1815 novis,
1155 1728 1460 1830 poetica
1517 1725 1961 1833 vulgaribus
2029 1727 2366 1809 misceat.
2460 1727 2549 1807 ld

256 1838 469 1915 enim
511 1836 664 1917 tale
701 1832 810 1916 est
851 1833 1356 1922 monstrum,
1438 1838 1668 1946 quale
1722 1842 2092 1920 Horatius
2153 1841 2263 1922 in
2295 1844 2549 1949 prima

241 1968 474 2054 parte
516 1948 693 2030 libri
738 1940 835 2028 de
867 1964 1030 2027 arte
1071 1951 1379 2054 poetica
1428 1948 1695 2057 fingit,-

547 2140 875 2211 Humano
899 2135 1124 2242 capiti
1151 2134 1495 2212 cervicem
1510 2137 1749 2242 ptHor
1778 2136 2115 2241 equinam

533 2237 960 2353 Jungeret
882 2243 964 2349 fi
998 2245 1222 2326 velit,
1237 2292 1375 2309 -ο-
1465 2276 1496 2303 ²-

235 2384 322 2461 &
357 2400 640 2461 caetera
688 2408 784 2459 ex
822 2374 1137 2462 diversis
1177 2382 1472 2461 naturis
1529 2376 1886 2489 subjiciat
2000 2384 2389 2462 Ornatum
2431 2376 2561 2461 est

237 2491 469 2605 quod
512 2490 918 2620 perspicuo
971 2519 1060 2573 ac
1109 2488 1501 2604 probabili
1545 2492 1718 2622 plus
1775 2492 1907 2573 est.
2089 2495 2265 2598 Ejus
2303 2496 2544 2601 primi

237 2605 595 2714 gradus
576 2634 659 2685 m
697 2632 802 2685 eo
849 2601 1073 2713 quod
1129 2604 1316 2689 velis
1369 2607 1713 2713 exprimi
1751 2603 2147 2686 decentius
2200 2661 2225 2698 ‚
2321 2603 2544 2715 quod

235 2720 406 2798 haec
470 2715 841 2856 nitidiora
875 2716 1154 2813 faciat:
1209 2713 1430 2827 quod
1484 2718 1797 2843 proprie
1858 2716 2145 2797 dixeris
2219 2719 2542 2798 cultum.

239 2835 514 2940 ltaque
568 2819 904 2952 ἐνάργειάν
957 2837 986 2923 (
1006 2828 1218 2929 cujus
1268 2834 1351 2908 in
1423 2833 1823 2938 praeceptis
1879 2829 2337 2946 narrationis
2391 2821 2557 2908 feci

230 2943 742 3023 mentionem
763 2945 803 3042 )
863 2941 1047 3050 quia
1079 2939 1246 3046 plus
1288 2938 1400 3020 est
1444 2939 1877 3030 evidentia,
1936 2941 2062 3024 vel
2108 2965 2196 3021 ut
2253 2927 2399 3021 alii
2425 2929 2561 3022 di-

223 3075 480 3144 cunt,
527 3052 1152 3180 repraesentatio,
1204 3073 1443 3165 quam
1478 3051 2014 3159 perspicuitas:
2040 3058 2121 3134 &
2154 3051 2347 3144 illud
2368 3056 2537 3160 qui·
2554 3067 2563 3076 ·

227 3166 424 3247 dem
478 3187 731 3296 patet,
790 3164 950 3245 hoc
982 3159 1057 3243 se
1089 3163 1703 3293 quodammodo
1745 3159 2135 3255 ostendit3
2174 3170 2381 3245 inter
2409 3191 2538 3270 οι·-
2544 3161 2565 3272 J

230 3283 607 3358 namenta
674 3281 1108 3412 ponamiis.
1167 3279 1460 3408 Magna
1511 3280 1761 3360 virtus
1796 3276 1977 3388 pst,
2032 3269 2196 3355 res
2227 3273 2325 3357 de
2370 3281 2537 3386 qui·
2552 3277 2565 3294 “

225 3391 376 3470 bus
413 3390 822 3517 loquimur
854 3442 879 3479 ,
943 3387 1200 3479 clare,
1235 3405 1467 3498 atque
1513 3407 1596 3469 ut
1661 3389 1877 3467 cerni
1933 3377 2403 3481 videantur,
2464 3417 2539 3470 e-

231 3506 630 3583 nunciare.
722 3506 910 3581 Non
963 3502 1181 3580 enim
1214 3497 1387 3582 satis
1440 3499 1728 3584 efficit,
1775 3525 2030 3609 neque
2065 3553 2089 3590 ‚
2155 3521 2242 3580 ut
2278 3500 2534 3594 debet,

226 3612 476 3721 plane
530 3612 985 3695 dominatur
1032 3614 1286 3691 oratio
1335 3668 1362 3705 ,
1447 3609 1507 3691 fi
1562 3611 1831 3720 usque
1868 3612 1966 3693 ad
2017 3627 2233 3693 aures
2285 3611 2543 3750 volet,

217 3737 475 3835 atque
507 3735 595 3806 ’σε
637 3719 776 3807 fibi
804 3721 1070 3853 judex‘
1080 3715 1178 3805 ⁸d'e‘
1203 3721 1530 3846 quibus
1503 3721 1969 3832 cognoscit,
2032 3708 2349 3832 narrari
2371 3754 2537 3808 cre-
2550 3815 2571 3836 ἢ

209 3835 408 3925 dit,
473 3865 641 3920 non
698 3839 1034 3944 exprimi
1074 3888 1100 3926 ,
1181 3836 1272 3918 δί·
1305 3821 1547 3918 oc'ulis
1603 3786 1888 3916 men‘tis
1930 3823 2319 3942 ostendi*
2312 3820 2567 3921 'Sed'

199 3955 618 4082 quoniam
661 3948 1024 4058 pluribus
1054 3941 1311 4029 modis
1345 3950 1587 4055 accipi
1645 3943 1888 4034 solet,
1954 3974 2149 4028 ιιοιι
2146 3935 2561 4060 equidem.

195 4068 291 4150 in
342 4087 657 4151 omnes
715 4087 890 4146 eam
945 4057 1354 4170 particulas
1399 4057 1743 4252 stgabo,
1806 4067 2133 4168 quarurn'
2179 4049 2575 4250 analaugn-²

1581 4197 1710 4252 nn
1763 4195 1806 4248 2
2429 4199 2471 4255 e
2502 4197 2545 4252 a

2557 3711 2571 3758 ἱ
