3557 5113
729 201 973 316 724
1244 149 1888 316 Mamm
1988 133 3197 319 QuiNCTtLrANt

693 464 883 540 Car.
923 465 1002 544 11.
1087 483 1264 537 rum
1305 458 1778 562 proprietate
1804 465 2222 568 ‚autaequi
2264 460 2813 568 disputatione,
2851 489 2977 547 aut
3017 468 3357 546 volunta-

1085 573 1182 650 tis
1220 569 1658 673 conjectura
1692 573 2136 654 continetur
2175 573 2198 653 ἒ
2263 601 2604 683 quorum
2666 607 2835 684 pars
2891 579 2992 658 ad
3040 583 3356 660 rationa-

1085 682 1305 773 lem,
1360 709 1531 789 pars
1588 682 1686 762 ad
1742 687 2129 764 moralem
2188 689 2591 769 trassatum
2666 690 3073 771 redundat.
3176 697 3359 800 Ergo

1082 816 1359 877 natura
1386 799 1772 904 permixta
1829 796 1940 876 est
1995 801 2359 891 omnibus
2415 803 2568 883 istis
2633 807 2942 894 oratio,
3004 831 3185 912 quae
3216 813 3359 913 qui-

1080 905 1269 988 dem
1311 903 1722 986 oratio'est
1772 934 1974 989 vere.
2130 915 2339 998 Nam
2385 915 2640 1019 ignara
2683 917 3008 1024 quidem
3064 917 3360 1016 hujusce

1077 1017 1448 1101 dostrinae
1488 1019 1907 1125 loquacitas
1948 1076 1974 1112 ‚
2038 1018 2248 1103 erret‘
2290 1027 2581 1107 neceffe
2625 1028 2735 1108 est
2778 1084 2799 1112 ,
2874 1052 2962 1109 ut
3035 1057 3212 1136 qua:
3254 1031 3359 1112 vel

1079 1130 1334 1212 nullos
1376 1130 1504 1213 vel
1527 1203 1533 1210 ,
1554 1129 1774 1222 falsos
1830 1130 2060 1214 duces
2101 1135 2397 1216 habeat.
2505 1145 2675 1222 Pars
2725 1168 2918 1222 vero
2974 1145 3354 1235 naturam,

1082 1270 1271 1325 cum
1308 1243 1420 1324 est
1471 1241 1567 1323 ad
1620 1249 2260 1329 exercitationem
2321 1248 2627 1334 dicendi
2678 1276 2899 1334 tanto
2954 1261 3243 1335 caeteris
3281 1286 3353 1336 u-

1080 1353 1345 1438 berior
1375 1407 1402 1448 ,
1459 1380 1755 1464 quanto
1805 1362 2101 1461 majore
2139 1360 2403 1469 spiritu
2440 1362 2537 1446 de
2566 1365 2846 1447 divinis
2882 1367 3117 1447 rebus
3139 1396 3353 1476 quam

1079 1467 1953 1578 humanisloquendum
1992 1472 2148 1565 est,
2216 1498 2384 1554 tum
2427 1476 2644 1558 illam
2678 1480 2912 1559 etiam
2960 1481 3357 1574 moralem,

1082 1579 1245 1664 fine
1274 1582 1674 1691 qua'nmla
1720 1581 1865 1662 esse
1915 1596 1946 1678 <
1965 1605 2047 1662 ut
2090 1584 2550 1689 docuimus)
2589 1593 2844 1671 oratio
2886 1594 3193 1698 potest,
3254 1618 3349 1674 to-

1003 1695 1008 1702 ’
1083 1716 1250 1776 tam
1298 1693 1857 1799 complestitur.
1970 1701 2180 1778 Nam
2219 1697 2273 1779 fi
2299 1703 2590 1806 regitur
2617 1704 3117 1809 providentia
3148 1737 3359 1788 mun-

1079 1804 1225 1887 dus
1246 1860 1268 1896 ‚
1323 1803 1917 1886 administranda
1955 1829 2169 1888 certe
2221 1809 2442 1892 bonis
2498 1818 2679 1897 viris
2724 1821 2876 1896 erit
2924 1818 3350 1922 respublica.

1078 1922 1159 1998 si
1196 1916 1458 1999 divina
1499 1916 1776 1996 nostris
1812 1921 2090 2003 animis
2125 1923 2353 2028 origo
2388 1975 2412 2009 2
2466 1926 2944 2012 tendendum
2973 1929 3067 2009 ad
3111 1934 3337 2011 virtu-

1068 2026 1247 2111 ‘tem
1288 2059 1309 2108 ε
1379 2056 1528 2110 nec
1576 2029 2101 2136 voluptatibus
2138 2038 2429 2118 terreni
2461 2043 2816 2147 corporis
2850 2041 3339 2125 serviendum.

1073 2147 1209 2222 An
1241 2140 1396 2222 hoc
1430 2169 1592 2222 non
1627 2141 2079 2250 frequenter
2111 2148 2462 2229 tractabit
2502 2177 2772 2234 orator
2804 2155 2829 2235 ἓ
2885 2158 3066 2265 Jam
3102 2155 3205 2238 de
3236 2187 3349 2238 au-

1068 2253 1308 2364 guriis
1341 2310 1363 2346 ‚
1431 2254 1841 2362 responfis,
1866 2258 2401 2368 religioneque.
2431 2270 2697 2358 omui,
2741 2265 2843 2347 de
2881 2272 3165 2377 quibus
3202 2300 3347 2353 ma-

1067 2366 1507 2473 ximarsaepe
1548 2370 1629 2447 in
1668 2364 1928 2447 senatu
1970 2368 2282 2451 confilia
2334 2371 2507 2456 sunt
2550 2378 2841 2460 versata
2891 2438 2914 2473 ‚
2991 2410 3161 2462 non
3212 2389 3351 2465 erit

1068 2482 1146 2561 ei
1174 2477 1695 2561 disserendum
1723 2535 1746 2571 ,
1810 2477 1867 2560 fi
1903 2479 2228 2591 quidem
2286 2487 2417 2578 (ut
2457 2489 2679 2572 nobis
2717 2491 3023 2599 plant)
3058 2496 3353 2581 futurus

1065 2591 1180 2673 est
1212 2597 1334 2676 vir
1360 2593 1605 2675 civilis
1647 2590 1862 2673 idem
1886 2592 1908 2673 ?
1936 2600 2130 2697 Qae
2148 2595 2483 2706 denique
2516 2605 2844 2712 intelligi
2876 2606 3158 2691 saltem
3189 2636 3355 2718 pot-

1062 2703 1178 2783 est
1228 2702 1670 2809 eloquentia
1723 2704 2067 2787 hominis
2119 2712 2419 2814 optima
2473 2715 2876 2799 nescientis
2943 2724 2968 2801 ἓ
3069 2727 3262 2805 Haec
3300 2723 3350 2803 fi

1007 2876 1016 2889 ,
1059 2815 1372 2894 ratione
1404 2815 1807 2896 manifesta
1835 2844 1999 2898 non
2037 2819 2277 2902 essent
2308 2877 2332 2913 ,
2370 2829 2744 2935 exemplis
2790 2853 3066 2914 tamen
3096 2836 3345 2918 crede-

1061 2954 1340 3008 remus,
1477 2926 1878 3037 Siquidem
1914 2935 1995 3012 &
2029 2934 2411 3015 Periclem
2451 2993 2476 3030 ‚
2566 2946 2779 3043 cujus
2823 2944 3286 3055 eloquentia·
3312 3006 3335 3036 ‚

1060 3038 1355 3122 etiamsi
1393 3039 1608 3121 nulla
1640 3040 1738 3121 ad
1783 3068 1927 3122 nos
1963 3070 2474 3130 monumenta
2522 3073 2905 3138 venerunt
2955 3116 2982 3152 ,
3043 3075 3216 3145 vim
3251 3088 3347 3144 ta-

1055 3181 1247 3233 men
1285 3152 1678 3261 quandam
1710 3153 2251 3239 incredibilem
2291 3187 2472 3242 cum
2495 3163 2885 3262 historici,
2909 3196 3095 3255 turn
3114 3180 3353 3259 etiam

1050 3264 1541 3351 liberrimum
1576 3292 1821 3371 genus
1858 3266 2280 3355 hominum
2326 3280 2615 3358 comici
2669 3302 2970 3366 veteres
3001 3288 3355 3379 tradunt,-

1050 3382 1537 3484 Anaxagorae
1585 3377 1889 3486 physici
1914 3382 2213 3492 constat
2241 3383 2683 3475 auditorem
2728 3393 2938 3476 fuisse
2988 3429 3008 3479 :
3070 3407 3162 3482 &
3203 3409 3357 3485 De-

1042 3488 1536 3571 mosthenem
1613 3495 2053 3599 principem
2109 3501 2473 3585 omnium
2545 3508 2865 3589 Graeciae
2928 3536 3360 3597 oratorum

1045 3597 1330 3685 dediffe
1388 3630 1721 3709 operam
1755 3605 2076 3688 Platoni.
2166 3614 2376 3703 Nam
2428 3618 2536 3699 M.
2576 3619 2883 3701 Tullius
2935 3651 3113 3705 non
3181 3654 3359 3710 tan-

1042 3732 1214 3793 tum
1263 3712 1338 3793 ste
1369 3713 1659 3799 debere
1690 3717 1923 3807 stolis
1965 3721 2418 3817 rhetorum,
2476 3752 2848 3836 quantum
2886 3736 3359 3823 Academiae

1038 3824 1345 3924 spatiis,
1402 3828 1854 3933 frequenter
1899 3832 2055 3937 ipse
2102 3835 2408 3933 testatus
2458 3842 2586 3923 est.
2670 3850 2959 3954 ‘Neque
3008 3848 3092 3929 se
3124 3876 3353 3935 tanta

1034 3938 1122 4037 in
1175 3962 1278 4024 eo
1342 3964 1689 4057 unquam
1729 3939 2037 4037 fudisset
2083 3947 2419 4074 ubertas*
2437 4007 2465 4057 2
2535 3953 2595 4041 fi
2639 3961 3046 4071 ingenium
3114 3966 3381 4077 saum⁸

3130 4103 3335 4158 con-
