3557 5113
795 161 1018 328 580

699 479 892 557 Car.
926 473 1076 558 1V.

1379 143 1533 250 M.
1645 148 2017 256 Fam
2175 147 3131 281 chrimAm

1126 461 1286 564 ejus
1315 454 1475 540 duo
1513 453 1729 539 sunt:
1764 453 2098 538 alterum
2125 452 2455 564 simplex
2473 511 2497 541 ‚
2536 481 2733 537 cum.
2755 449 2994 535 sensus
3019 478 3182 534 unus
3210 451 3319 534 lon-

1133 578 1354 680 giore
1388 571 1687 650 ambitu
1727 566 2343 650 circumducitur
2383 599 2402 648 :
2446 567 2781 648 alterum
2819 621 2843 657 ,
2888 563 3079 674 quod
3114 566 3320 646 constat

1132 681 1504 765 membris
1527 687 1603 764 &
1644 678 1889 762 incifis
1908 735 1933 766 ‚
1948 706 2116 789 quae
2137 679 2395 788 plures
2412 678 2663 779 sensus
2685 679 2989 779 habent:
3013 678 3229 758 Aderat
3252 688 3320 791 ja·

1137 805 1330 877 nitor
1364 801 1668 894 carceris
1687 849 1707 883 ‚
1751 790 1843 885 ό·
1879 794 2559 903 catastae-pretatis
2577 848 2600 877 ‚
2694 796 2773 872 ὅ(
2827 789 3116 898 reliqua.
3143 789 3320 869 Habet

1134 904 1496 1013 periodus
1550 899 1909 984 membra
1952 907 2375 1006 minimum
2426 901 2639 1002 duo„
2726 900 3025 984 Medius
3053 927 3320 998 numerus

1134 1017 1442 1100 videtur
1485 1038 1825 1125 quatuor
1862 1047 1882 1096 ε
1918 1015 2048 1098 sed
2089 1018 2365 1122 recipit
2407 1013 2856 1121 frequenter
2880 1014 3177 1120 &plura
3208 1017 3320 1091 Mo-

1135 1127 1279 1209 dus
1321 1132 1395 1207 ei
1438 1157 1481 1208 a
1520 1131 1902 1230 Cicerone
1957 1148 2087 1208 aut
2130 1149 2469 1235 quatuor
2524 1125 2832 1210 senariis
2876 1124 3201 1208 verfibus,
3238 1144 3321 1201 aut

1134 1239 1363 1347 ipsius
1407 1237 1708 1348 spiritus
1763 1237 2013 1319 modo
2047 1242 2567 1342 terminatur.-
2616 1236 2984 1338 „Praestare
3026 1236 3234 1336 debet,
3266 1255 3320 1312 ut

1146 1351 1446 1432 sensum
1483 1351 1897 1431 concludat
1941 1382 1957 1431 ε
2000 1346 2091 1430 fit
2135 1372 2439 1457 aperta,.
2466 1372 2551 1429 ut
2592 1345 3321 1455 intelligipossitznon

1151 1461 1577 1544 immodica
1612 1519 1634 1555 ,
1679 1485 1765 1542 ut
1821 1465 2209 1542 memoria
2268 1463 2673 1542 contineri.
2789 1461 3177 1542 Membrum
3215 1454 3319 1533 lon·

1083 1593 1114 1618 ⁴
1147 1579 1316 1684 gius
1361 1575 1558 1678 justo
1591 1631 1613 1667 ,
1644 1571 1995 1655 tardum.-
2022 1574 2373 1659 brevius‚
2416 1572 2762 1654 instabiie
2808 1573 2940 1654 est.
2994 1572 3321 1673 Ubicunque

1149 1692 1426 1767 acriter
1455 1690 1624 1778 erit,
1662 1684 2029 1765 instanter
2051 1740 2073 1776 ,
2087 1688 2541 1793 pugnaciter
2562 1682 2977 1782 dicendmn
2998 1739 3022 1775 ,
3052 1680 3320 1761 membra·

1156 1803 1304 1876 tim
1347 1797 1749 1905 caesimque
1791 1793 2161 1877 dicemus.
2278 1804 2489 1878 Nam
2523 1797 2679 1878 hoc
2738 1799 2827 1875 in
2865 1797 3152 1877 oratione
3186 1788 3309 1893 piu·
3402 1817 3403 1822 ¹

1150 1911 1446 1988 rimum
1481 1907 1682 1991 valet
1719 1939 1736 1986 ε
1784 1904 2142 2017 adeoque
2188 1908 2412 1988 rebus
2436 1905 3313 2005 ,accommodandammpo-

1143 2018 1318 2099 fitio
1398 2076 1422 2105 ‚
1502 2042 1591 2100 ut
1637 2019 1927 2125 ‘asperis
2006 2017 2307 2127 asperos
2388 2023 2623 2100 etiarn
2678 2046 3037 2101 numeros
3074 2008 3318 2094 adhiberi

1150 2152 1512 2238 oporteat
1535 2189 1557 2225 ,
1583 2137 1661 2212 ὃ(
1697 2159 1880 2212 cum
1902 2129 2211 2214 dicente
2243 2159 2465 2241 aeque
2496 2129 2944 2224 audientem
2974 2120 3319 2209 inhorresce-

1159 2273 1265 2324 re.
1381 2244 1886 2324 Membratim
1929 2244 2392 2352 plerumquc
2431 2244 2917 2340 narrabimus
2974 2297 3005 2336 .,
3070 2259 3172 2318 aut
3196 2230 3324 2339 ipsas

1152 2354 1517 2464 periodos
1551 2357 1970 2458 majoribus
2019 2350 2441 2438 interuallis
2459 2412 2488 2448 ,
2519 2356 2836 2452 &velut
2869 2352 3211 2437 laxioribus
3232 2368 3324 2422 110-

1163 2466 1282 2547 dis
1338 2466 1810 2551 resolvemus
1860 2499 1880 2547 ε
1981 2470 2325 2578 exceptis
2375 2495 2549 2578 quae
2616 2493 2785 2549 non
2828 2462 3122 2552 docendi
3150 2458 3329 2567 gratia,

1169 2577 1300 2658 sed
1335 2580 1662 2661 ornandi
1705 2573 2172 2678 narrantur}
2208 2602 2287 2661 ut
2330 2583 2413 2662 in
2480 2587 2819 2685 Verrem
2887 2578 3225 2689 Prqserpiu
3259 2595 3330 2646 u·

1150 2715 1349 2802 ptus.
1432 2698 1620 2774 Haec
1658 2697 1872 2774 enim
1906 2691 2099 2773 lenis
2144 2699 2222 2801 ὃς
2259 2692 2509 2775 fluens
2531 2715 2945 2777 contextus
2978 2689 3182 2775 decet
3248 2683 3330 2801 Ρς·

1168 2802 1436 2882 riodus
1473 2828 1648 2910 apta
1686 2808 2091 2913 prooemiis
2145 2809 2538 2909 majorum
2591 2806 2986 2887 causarum
3025 2857 3047 2887 ‚
3088 2798 3192 2879 ubi
3227 2790 3333 2870 soh·

1165 2913 1502 2996 citudine
1525 2971 1549 3007 ,
1593 2916 2279 2997 commendatione
2297 2972 2323 3010 ‚
2352 2917 2851 2998 miseratione
2883 2942 2999 2997 res
3028 2932 3188 3019 eget.
3208 2909 3336 2983 loem

1161 3028 1708 3110 communibus
1753 3029 1948 3111 Iocis
1996 3087 2021 3116 ,
2088 3034 2169 3110 ὅ(
2207 3020 2313 3110 in'
2350 3034 2572 3111 omni
2606 3028 3177 3139 amplificatione
3208 3048 3221 3095 ε
3254 3007 3337 3091 sed

1159 3139 1505 3244 poscitur
1548 3163 1722 3220 tum
1759 3139 2091 3226 austera,
2152 3139 2209 3224 fi
2249 3142 2572 3232 accuses
2615 3144 2793 3231 tum
2837 3139 3037 3233 fiiszi,
3063 3134 3119 3217 st
3155 3122 3338 3239 laudes

1166 3252 1511 3332 Multum
1546 3257 1748 3335 &in
1782 3254 2112 3360 epilogis
2139 3254 2406 3360 pollet.
2475 3259 2781 3336 Totum
2822 3275 3067 3351 autem
3084 3240 3341 3328 adhibtss·

1165 3360 1358 3442 dum
1394 3363 1556 3454 est,
1596 3391 1757 3472 quo
1798 3365 1888 3446 fit
1931 3361 2263 3472 amplius
2307 3364 2892 3474 compositionis
2938 3386 3149 3471 genus
3181 3408 3205 3444 ι
3231 3369 3343 3431 tum

1155 3473 1405 3575 judex
1467 3503 1632 3556 non
1686 3477 1939 3558 solum
2039 3506 2215 3559 rem
2287 3500 2506 3559 tenet
2578 3532 2604 3569 ,
2694 3477 2832 3559 sed
2889 3479 3105 3557 etiam
3168 3479 3348 3570 captm

1111 3599 1119 3605 ’
1160 3586 1271 3665 est
1305 3593 1702 3677 oratione,
1764 3595 1845 3672 ὅ(
1885 3589 1965 3668 se
1999 3588 2250 3679 credit
2275 3592 2564 3696 actori,
2603 3595 2684 3671 δι
2725 3588 3105 3696 voluptate
3119 3582 3245 3680 jam
3261 3569 3350 3649 du·

1162 3699 1385 3779 c‘itur'.
1462 3701 1806 3804 Historia
1832 3729 2000 3795 non
2040 3694 2203 3782 tam
2242 3701 2509 3785 finitos
2560 3729 2977 3803 numeros,
3018 3717 3211 3804 quam
3261 3705 3352 3802 Οἵ·

1160 3808 1345 3892 bem
1378 3810 1768 3920 quendam
1808 3836 2421 3924 contextumque
2454 3813 2857 3897 defiderat.
2942 3819 3130 3901 Nam
3159 3810 3347 3880 ΟΜΝ

1153 3926 1322 4030 ejus
1355 3925 1714 4008 membra
1750 3916 2105 4011 connexa
2142 3927 2320 4012 sunt
2350 3984 2380 4024 ‚
2423 3932 2803 4042 quoniam
2841 3925 3115 4010 lubrica
3142 3910 3344 4104 είῖώῗξ
