3557 5113
257 183 474 348 De
499 141 948 387 [wit.
1004 180 1710 356 orasoria,
1743 176 2045 341 Lib.
2078 180 2331 342 lv.
2562 215 2750 334 231

175 511 584 622 suspiciam
682 514 829 591 ὅτε.
885 507 1297 606 Credibilis
1338 531 1600 592 autem
1657 517 1804 594 erit
1860 518 2199 596 narratio
2256 535 2434 596 ante
2465 523 2531 600 C
2549 541 2593 594 A
2613 533 2673 595 ι’.
2709 519 2866 628 Η.

189 629 405 704 omnia
448 621 505 702 fi
570 625 789 729 prius
831 624 1431 705 consuluerimus
1488 623 1842 706 nostrum
1891 631 2242 707 ani-mum
2265 683 2287 718 ,
2333 656 2436 708 ne

188 735 339 844 quid
368 758 645 816 naturae
692 732 1039 834 dicamus
1089 734 1536 836 adversum.
1601 725 1885 819 deinde
1939 737 1998 819 sl
2040 737 2290 826 causas
2346 767 2444 830 ac
2485 803 2490 808 .

192 851 475 930 rationes
516 847 727 929 faffls
761 825 1436 954 praeposuerimus,
1489 874 1652 928 non
1708 849 2070 953 omnibus
2092 906 2115 941 ,
2181 831 2311 930 sed
2335 849 2439 940 de

189 961 415 1067 quibus
482 963 904 1060 quaeritur·
984 959 1042 1040 si
1096 960 1454 1067 personas
1520 965 2070 1064 convenientes
2122 966 2212 1042 iis
2262 987 2438 1076 quae

192 1071 339 1151 faa-a
405 1070 613 1152 credi
663 1071 1020 1153 volemus
1061 1071 1722 1153 constituerimus:
1819 1072 2148 1152 utfurti
2181 1098 2437 1163 reum,

191 1180 549 1288 cupidum·
613 1180 1014 1276 adulterii,
1068 1182 1606 1264 libidinosum:
1700 1184 2146 1273 homicidii,
2184 1204 2436 1261 teme-

190 1298 448 1375 tarium.
542 1293 670 1377 vel
715 1295 831 1376 his
858 1298 1244 1375 contraria
1265 1350 1289 1387 ,
1353 1293 1412 1375 fl
1446 1292 1970 1374 defendemus.
2062 1299 2438 1375 Praeteaeea

190 1406 357 1497 loca,
403 1429 801 1513 tempora,
871 1410 953 1487 ὃ(
980 1405 1291 1500 sunilia.
1364 1405 1489 1485 Est
1527 1428 1792 1486 autern
1831 1403 2151 1514 quidam
2195 1409 2442 1485 etiam
2575 1415 2580 1420 ⁴

189 1516 409 1598 dustus
456 1523 571 1600 rei
626 1516 1050 1608 credibilis,
1109 1517 1413 1627 qualis
1394 1546 1479 1596 ιιι
1513 1515 1921 1598 comoediis
1941 1572 1965 1607 ,
2030 1523 2110 1597 &
2152 1543 2235 1595 ιιι
2289 1523 2436 1594 mi-

190 1633 321 1710 mis.
431 1630 721 1737 Aliqua
781 1630 993 1709 enim
1059 1628 1511 1709 naturaliter
1554 1626 1973 1754 lequuntur
2040 1634 2121 1708 ὃ(
2178 1626 2435 1707 cohae-

191 1761 361 1829 rent,
404 1764 487 1832 ut
543 1740 599 1820 fi
645 1740 841 1821 bene
891 1743 1155 1847 priora
1199 1744 1623 1822 narraveris
1647 1797 1670 1832 ,
1730 1739 1968 1846 'judex
2010 1737 2194 1846 lpse,
2217 1735 2445 1846 quod

190 1852 400 1955 postea
448 1852 543 1938 fis
609 1874 1089 1943 narraturuS,
1136 1852 1552 1960 exspectet
1665 1859 1791 1951 Ne
1854 1850 2058 1931 illud
2108 1849 2436 1958 quidem

190 1962 371 2049 fuerit
399 1964 667 2050 inutile
687 2018 712 2054 ,
761 1963 1046 2062 semina
1081 1964 1433 2072 quaedam
1467 1945 2016 2091 probationum
2058 1962 2438 2068 spargeret

192 2100 414 2155 verum
461 2074 615 2167 fio,
673 2097 756 2154 ut
795 2079 1318 2168 narrationem
1374 2074 1520 2154 effe
1567 2078 2198 2162 meminerimus,
2268 2095 2437 2151 non

190 2186 698 2288 probationem.
755 2193 1343 2294 Nonnunquam
1378 2210 1638 2265 tamen
1678 2189 1915 2265 etiam
1962 2204 2437 2290 argumento

194 2298 403 2407 aliquo
438 2298 1080 2392 confirmabimus·
1116 2296 1331 2405 quod
1382 2287 2046 2404 proposuerimus,
2069 2294 2220 2374 fed
2253 2292 2438 2392 sim-

191 2408 420 2511 plici&
458 2413 719 2493 brevi:
761 2431 845 2490 ut
883 2412 964 2488 in
992 2409 1416 2500 veneficiis»,
1441 2424 1662 2489 Sanus
1691 2407 1898 2493 bibit,
1918 2409 2186 2514 statim
2213 2412 2434 2485 conca}

192 2519 305 2605 dit,
349 2527 532 2605 [mr
602 2553 693 2611 ac
751 2546 986 2603 tumor
1039 2521 1380 2630 corfistim
1430 2522 1523 2627 4st
1569 2523 1929 2635 inſscutus.
2027 2523 2202 2600 Hoc
2249 2519 2439 2613 faci-

192 2655 300 2710 unt
340 2641 407 2716 ὅ(
461 2636 616 2716 iflae
667 2636 1305 2741 praeparationes,
1348 2661 1561 2714 cum
1627 2661 1803 2714 reus
1856 2631 2175 2712 dicitur·
2214 2631 2440 2719 robu=

196 2738 385 2834 stus,
393 2769 772 2835 armatus,
843 2743 1213 2837 solicitus,
1262 2768 1535 2841 contra
1601 2745 2011 2827 infirmos,
2064 2769 2442 2832 mermeS,

197 2851 453 2939 securos.
570 2860 863 2937 Omnia
929 2856 1263 2964 denique
1315 2884 1484 2965 quae
1538 2836 1996 2961 probatione
2054 2848 2444 2957 tra&aturi

195 2962 437 3061 sumus,
479 2968 946 3076 personam,
984 2968 1337 3071 causam,
1389 2968 1696 3058 locum,
1770 2990 2172 3073 tempus,
2170 2963 2445 3043 instru-

195 3101 529 3173 mentum,
584 3077 1120 3173 occafionem,
1164 3083 1603 3173 narratione
1644 3077 2167 3165 delibabimus.
2280 3076 2445 3183 Ali-

198 3189 451 3291 quando
480 3193 534 3273 si
586 3191 933 3297 destituti
976 3190 1350 3295 fuerimus
1388 3191 1541 3279 his,
1575 3192 1812 3287 etiam
1852 3188 2270 3268 fatebimur
2304 3189 2441 3266 vix

195 3297 308 3376 effi:
354 3304 752 3393 credibile,
791 3302 957 3401 fed
967 3330 1289 3399 verum,
1306 3307 1433 3382 δε
1483 3301 1636 3399 hoc
1693 3301 1937 3395 majus
1992 3294 2441 3378 habendum

199 3405 409 3492 scelus:
480 3414 787 3496 nescire
826 3441 969 3494 nos
1009 3390 1447 3521 quomodo
1442 3413 1734 3491 fastum
1789 3410 1917 3502 sit,
1978 3431 2114 3497 aut
2157 3435 2438 3519 quare:

208 3521 442 3604 mirari:
518 3527 661 3608 sed
700 3528 1181 3634 probaturos.
1307 3529 1650 3632 Optimae
1714 3551 1905 3623 vero
1958 3525 2444 3628 praeparatio-

208 3653 315 3709 nes
344 3662 533 3719 erunt
572 3667 783 3753 quae
811 3636 1213 3726 latuerint,
1273 3660 1357 3717 ut
1401 3664 1444 3717 a
1492 3640 1876 3717 Cicerone
1911 3631 2083 3714 sunt
2118 3631 2445 3740 quidem

208 3742 585 3832 utiliffime
580 3749 971 3860 praedi-sta
1005 3752 1272 3828 omnia
1323 3777 1465 3857 per
1511 3768 1681 3856 quae
1734 3745 2019 3853 Miloni
2081 3743 2447 3836 Clodius,

186 3880 321 3935 non
353 3862 624 3944 Clodio
693 3860 896 3942 Milo
929 3835 1313 3941 insidiatus
1361 3860 1505 3942 effe
1548 3860 1932 3942 videatur.
2008 3858 2445 3989 plurimum

192 3985 407 4055 tamen
451 3976 644 4058 facit
717 3972 853 4054 ina
931 3970 1411 4055 callidissima
1470 3971 1978 4081 simplicitatis
2060 3970 2445 4157 imitatio}-

2265 4082 2378 4158 Mi
2409 4104 2449 4158 o
