3557 5113
198 260 214 279 ’
284 240 508 412 De
551 231 992 449 lnstit.
1051 197 1761 464 Ordioria,
1786 232 2109 402 Lib.
2146 236 2356 437 V.
2488 264 2814 391 ‚³299

197 570 527 673 *militudo
547 564 1040 653 assumitur&
1058 568 1374 653 interim
1399 562 1494 651 ad
1513 569 1884 655 orationis
1901 594 2292 658 ornatum⁶
2317 569 2464 659 Sed
2490 598 2682 680 CM„
2737 595 2877 677 XI

205 685 306 763 illa
347 713 521 764 cum
581 711 699 763 res
739 689 1057 791 exiget,
1127 708 1329 766 nunc
1384 712 1472 763 ea
1522 711 1693 792 quae
1751 687 1850 767 ad
1906 692 2457 794 probationem

195 802 590 901 pertinent,
655 825 1012 903 exequar.
1073 791 1724 879 ‘potentissimum
1778 822 2042 880 autem
2096 801 2205 881 est
2265 806 2468 885 inter

197 934 265 986 ea
308 936 464 1016 quae
529 909 697 986 sunt
760 908 984 1008 hujus=
1026 914 1374 1015 generis,
1441 906 1655 1016 quod
1717 917 2032 1018 proprie
2092 937 2457 996 vocamus

193 1020 657 1126 exemplum,
724 1019 802 1098 id
847 1021 994 1111 est,
1054 1028 1165 1101 rei
1229 1021 1458 1128 gesta:
1498 1073 1519 1111 ‚
1577 1043 1706 1101 aut
1764 1048 1849 1102 ut
1897 1025 2184 1129 gestae,
2255 1030 2460 1107 utilis

197 1130 270 1210 ad
301 1130 906 1241 persuadendum
948 1131 1027 1213 id
1080 1135 1298 1242 quod
1357 1131 1821 1225 intenderis,
1888 1157 2454 1218 commemora-s

200 1247 297 1322 tio.
380 1243 842 1324 Intuendum
898 1248 1174 1350 igitur,
1237 1270 1492 1325 totum
1539 1245 1785 1326 simile
1829 1246 1960 1339 fit,
2016 1270 2113 1329 an
2159 1276 2255 1328 ex
2288 1276 2452 1355 par-

187 1378 292 1433 te:
379 1363 641 1436 ut'aut
697 1365 964 1436 omnia
1030 1386 1126 1436 ex
1164 1385 1263 1436 eo
1323 1358 1761 1448 sumamus,
1821 1381 1950 1438 aut
2014 1388 2181 1468 quae
2234 1363 2450 1442 utilia

189 1489 390 1544 emnt.
501 1469 766 1547 Simile
820 1463 929 1546 est
967 1498 988 1562 3
1051 1465 1241 1572 Jure
1296 1470 1544 1572 occisus
1592 1472 1685 1569 est
1737 1476 2163 1550 Saturnimu
2186 1526 2205 1555 ‚
2258 1475 2447 1580 ficut

188 1579 450 1657 Gracchi.
557 1566 982 1672 Dissimile}
1046 1596 1307 1660 Brutus
1369 1582 1621 1662 occidit
1673 1578 1933 1660 liberos
1965 1578 2447 1693 proditionem

182 1696 506 1771 molientes
521 1749 541 1776 ,
607 1697 923 1773 Manlius
964 1700 1308 1772 virtutem
1324 1697 1489 1799 filii
1534 1719 1756 1771 morte
1792 1698 2159 1776 multa-vit.
2242 1702 2449 1775 Con-

184 1812 504 1896 trarium;
546 1808 914 1884 Marcedus
974 1831 1387 1886 ornamenta
1432 1802 1861 1915 Syracusttnio‘
1902 1798 2207 1910 hostibus
2257 1809 2442 1911 resti-

180 1923 296 1994 tnit
321 1972 342 1998 ‚
398 1932 639 1996 Verres
715 1916 960 1996 eadem
993 1918 1222 2022 sociis
1285 1915 1588 2019 abstulit.
1708 1921 1801 1994 Et
1854 1910 2441 2023 probandorum

182 2031 240 2105 tc
275 2027 833 2134 culpandorum
899 2056 995 2108 ex
1059 2029 1172 2108 his
1241 2027 1738 2108 confirmatio
1796 2028 2105 2107 eosdem
2164 2028 2445 2135 gradus

177 2137 386 2219 habet.
497 2145 750 2221 Etiam
795 2136 992 2221 iniis
1029 2161 1201 2249 quae
1255 2138 1509 2219 futura
1553 2133 1940 2229 dicemus,
1988 2139 2194 2219 utilis
2241 2139 2445 2219 fimi-

176 2249 336 2330 lium
373 2252 810 2336 admonitio
854 2250 997 2331 est:
1096 2276 1179 2333 ut
1237 2244 1294 2331 si
1347 2254 1523 2359 quis
1552 2249 1856 2345 dicens;
1914 2252 2310 2360 Dionfflum
2330 2251 2437 2330 id-

180 2370 322 2442 circo
339 2386 582 2475 petere
619 2366 915 2469 custodes
946 2362 1212 2471 stlatis
1242 2365 1388 2469 βα
1403 2420 1425 2448 ,
1481 2388 1565 2444 ut
1616 2391 1852 2442 eorum
1902 2362 2187 2469 adjutus·
2227 2368 2443 2442 armis

177 2476 577 2583 tyranidem
637 2502 909 2586 occupet
927 2534 946 2560 ‚
997 2474 1150 2555 hoc
1195 2475 1473 2560 referat
1508 2501 1736 2553 exem
1739 2474 2005 2580 plum3
2054 2466 2295 2558 eadem
2331 2497 2443 2554 raa

177 2595 328 2668 tione
364 2583 793 2698 Pifistratam
819 2583 929 2668 ad
958 2584 1511 2670 dominationem
1533 2580 1938 2697 pervenisti.
1970 2576 2125 2665 Sed
2164 2601 2251 2666 ut
2271 2585 2444 2682 sunt

179 2706 486 2808 exempla
513 2705 839 2782 interim
889 2720 1053 2781 tota
1096 2700 1412 2784 similia,
1487 2723 1571 2778 ut
1607 2699 1758 2776 hoc
1816 2697 2439 2803 proximum3s1c

180 2811 440 2892 interim
506 2842 614 2893 ex
670 2811 1090 2914 majoribus
1147 2805 1244 2890 ad
1309 2815 1652 2898 minora,
1714 2834 1812 2887 ex
1869 2804 2301 2889 minoribus
2346 2807 2443 2888 ad

175 2929 424 3016 majora
475 2924 873 3004 ducuntur
910 2955 928 3002 ε
1025 2934 1313 3034 Propter
1370 2923 1835 3002 matrimonia·
1893 2922 2172 3001 violata
2232 2915 2442 3000 urbes

173 3038 371 3139 ηενρ
385 3040 557 3142 fimt
574 3094 604 3127 ‚
668 3037 856 3146 quid
896 3037 1066 3135 fieri
1115 3036 1438 3117 adultero
1477 3060 1625 3144 par
1661 3036 1755 3135 cst
1777 3031 1816 3110 ?
1896 3030 2242 3111 Tibicines
2286 3060 2445 3112 cum

173 3144 252 3222 ab
284 3147 430 3228 urbe
469 3145 892 3259 disceffiffi’nt
926 3145 1216 3256 publice
1274 3151 1586 3226 revocati
1615 3141 1841 3250 simt3
1906 3167 2171 3255 quanto
2226 3149 2449 3250 magis

163 3264 469 3369 principes
503 3267 835 3341 civitatis
867 3267 1020 3338 viri
1031 3315 1052 3341 ,
1095 3256 1185 3351 ἀν
1216 3256 1386 3336 bene
1430 3255 1516 3334 de
1559 3252 1919 3364 republica
1964 3262 2249 3342 meriti,
2288 3283 2445 3362 crim

175 3372 415 3449 invidie
445 3371 763 3476 ceffl’rint
779 3427 801 3461 ‚
866 3368 956 3449 ab
994 3375 1216 3449 exilio
1259 3368 1637 3448 reducendi
1658 3374 1695 3444 ?
1791 3363 1921 3443 Ad
1965 3365 2444 3474 exhortatio-

177 3500 327 3559 nem
353 3469 529 3565 vero
573 3486 962 3589 praecipue
1003 3483 1262 3561 valent
1313 3482 1656 3585 imparia.
1772 3475 2333 3555 Admirabilior
2364 3479 2445 3554 in

179 3588 437 3676 foemina
470 3624 722 3705 quam
764 3599 842 3673 in
890 3597 1061 3675 viro
1102 3596 1362 3676 virtus.
1461 3595 1720 3694 Qare
1758 3586 1814 3667 s1
1851 3587 1947 3669 ad
1992 3588 2298 3667 fortiter
2340 3588 2444 3669 fa-

180 3703 478 3786 ciendum
517 3705 988 3788 accendatur
1030 3705 1344 3812 aliquis,
1394 3727 1557 3784 non
1594 3719 1894 3781 tantum
1938 3699 2256 3782 afferent
2282 3721 2446 3778 mo-

173 3823 372 3898 menti
427 3822 808 3899 Horatius
857 3823 934 3897 &
993 3819 1479 3926 Torquatus,
1547 3831 1925 3920 quantum
1982 3812 2444 3924 illa-mulier

162 3931 334 4021 cujus
378 3959 622 4011 manu
664 3929 1006 4036 Pyrrhus
1052 3929 1162 4008 est
1227 3926 1710 4030 interfecius:
1809 3924 1887 4005 ὃ(
1956 3922 2052 4006 ad
2112 3926 2454 4028 morien-

154 4034 347 4141 dum,
390 4071 560 4124 non
602 4066 765 4121 tam
825 4048 1026 4121 Cato
1062 4045 1140 4121 ὅ(
1185 4043 1484 4143 Scipio,
1511 4065 1749 4142 quam
1794 4033 2193 4117 Lucretia:
2242 4030 2457 4219 qp'od

1322 4153 1374 4227 P
1399 4174 1453 4251 p
1517 4173 1555 4224 2
1775 4201 1789 4213 -
2205 4147 2285 4248 ip
2319 4167 2455 4222 um
