3557 5113
261 321 487 484 De
523 309 966 525 instit.
995 313 1724 493 Oratoria,
1762 300 2074 479 Lib.
2120 306 2328 458 X.
2547 336 2757 448 591·

165 632 231 714 di
268 621 608 742 quaedam
650 613 1099 712 diverticula
1146 617 1654 735 confugiant.
1697 635 1843 707 ne'c
1878 644 2193 710 mutare
2218 656 2435 756 quae
2503 635 2689 724 Car.
2694 623 2795 712 'L‘

167 743 317 826 dam
354 744 594 827 modo
655 743 925 832 verba,
947 741 1073 822 sed
1111 737 1454 830 tendere,
1476 767 1897 846 corripere,
1936 767 2414 835 convertere,

167 855 471 939 dividere
511 872 938 961 cogantur.
985 881 1128 934 nos
1162 881 1355 935 vero
1413 874 1742 933 armatos
1787 855 2029 934 stare
2010 883 2093 950 m
2128 858 2313 946 acie,
2339 860 2420 937 ὅ(

167 970 443 1050 summis
487 971 588 1049 de
632 970 852 1054 rebus
877 980 1234 1056 cernere,
1278 969 1353 1045 ὃ(
1392 963 1487 1044 ad
1528 945 1935 1048 victoriam
1977 968 2121 1047 niti
2171 951 2425 1074 decen,

168 1081 405 1190 Neque
449 1107 599 1192 ego
633 1103 843 1161 arma
876 1069 1270 1183 squallere
1265 1058 1420 1157 fitu
1456 1105 1542 1156 ac
1551 1073 1933 1186 rubigine
1958 1081 2201 1159 velim‘
2216 1135 2237 1170 ‚
2289 1077 2425 1159 sed
2530 1109 2535 1114 ·

169 1195 518 1301 fiilgorem
568 1196 686 1273 his
724 1183 977 1280 inesse,
1009 1194 1142 1298 qui
1183 1210 1510 1279 terreat,
1551 1188 1798 1298 qualis
1836 1192 1944 1271 est
1980 1194 2210 1284 ferri,
2259 1175 2429 1321 quo

170 1333 356 1387 mens
415 1307 640 1388 simul
698 1302 1039 1411 visusque
1086 1300 1689 1409 perstringatur
1691 1339 1718 1381 .·
1774 1331 1937 1384 non
1973 1303 2216 1411 qualis
2257 1307 2431 1384 auri

171 1423 578 1528 argentique
644 1473 666 1501 ‚
728 1414 1118 1499 imbellis,
1153 1420 1230 1494 δ(
1266 1415 1526 1521 potius
1582 1416 1893 1495 habenti
1937 1414 2433 1548 periculosus

168 1531 465 1612 Historia
505 1557 823 1639 quoque
864 1526 1064 1606 alere
1103 1531 1539 1606 orationem
1612 1527 1955 1635 quodam
1997 1521 2221 1607 molli
2308 1529 2421 1630 ju-

171 1641 547 1754 cundoque
583 1642 807 1722 succo
845 1639 1115 1747 potest.
1228 1644 1527 1720 Verum
1565 1646 1643 1721 &
1681 1639 1857 1748 ipsa
1868 1639 1969 1721 fic
2012 1641 2121 1721 est
2162 1641 2429 1766 legen-

169 1753 300 1839 da,
341 1779 421 1836 ut
458 1756 785 1838 sciamus
792 1751 1207 1879 'plerasque
1254 1755 1413 1856 ejus
1447 1756 1776 1833 virtutes
1801 1764 2090 1833 oratori
2130 1753 2273 1833 esse
2310 1756 2419 1833 vi-

175 1866 416 1949 tandas.
515 1868 640 1949 Est
684 1868 898 1947 enim
941 1868 1294 1970 proxima
1342 1869 1590 1971 poetis
1626 1923 1650 1960 ‚
1707 1870 1785 1948 &
1827 1864 2423 1976 quodammodo

172 2005 443 2062 carmen
473 1979 854 2061 solutum.-
900 1982 977 2058 &
1015 1975 1368 2057 scribitur
1398 1974 1491 2054 ad
1527 1978 2059 2084 narrandum,
2119 1987 2280 2059 non
2324 1976 2437 2098 ad

174 2092 691 2196 probandum·
752 2112 1160 2196 totumque
1223 2115 1417 2194 opus
1466 2103 1627 2170 non
1678 2079 1775 2170 ad
1823 2095 2185 2172 intuitum
2251 2094 2358 2170 rei
2398 2146 2424 2183 ,

172 2230 628 2334 pugnamque
671 2202 1179 2311 praesentem,
1219 2199 1345 2281 sed
1391 2198 1487 2280 ad
1530 2206 1997 2282 memoriam
2037 2204 2427 2312 posterita-

175 2318 269 2407 tis,
296 2321 687 2426 &ingenii
726 2317 1016 2396 famam
1062 2316 1612 2420 componitur:
1646 2313 1977 2422 ideoque
2013 2324 2090 2397 ὃ(
2176 2316 2429 2397 verbis

175 2426 660 2523 liberioribus,
691 2435 771 2511 &
813 2428 1370 2508 remotioribus
1396 2424 1659 2534 figuris
1702 2428 2060 2508 narrandi
2109 2421 2434 2508 taedium

173 2545 398 2623 evitat.
481 2550 790 2654 Itaque,
832 2563 916 2622 ut
956 2537 1175 2632 dixi,
1200 2541 1467 2647 nequ'e
1502 2537 1634 2619 illa
1666 2517 2143 2635 Sallustiana
2174 2523 2433 2622 brevi·
2512 2588 2519 2597 2

178 2656 292 2745 tas,
322 2683 461 2765 qua
501 2655 694 2736 nihil
736 2652 935 2761 apud
982 2681 1196 2734 aures
1234 2680 1505 2734 vacuas
1544 2677 1773 2781 atque
1819 2652 2149 2734 eruditas
2175 2654 2424 2759 potest
2520 2691 2528 2698 ·

177 2764 299 2843 ess'c
342 2769 766 2874 perfectius,
803 2763 1015 2873 apud
1052 2787 1518 2872 occupatum
1561 2769 1787 2848 variis
1819 2768 2423 2873 cogitationibus

173 2876 505 2976 judicem,
537 2887 618 2962 &
654 2880 915 2987 saepius
955 2875 1469 2962 ineruditum,
1495 2864 1871 2984 captanda
1904 2881 2124 2959 nobis
2146 2880 2279 2959 est.-
2300 2907 2426 2957 nec

174 3010 305 3094 quc
311 2993 453 3072 illa
487 2996 697 3074 Livii
739 2992 976 3085 lactea
1019 2992 1320 3071 ubeitas
1362 2990 1530 3070 latis
1567 2988 1878 3070 docebit
1900 2993 2433 3098 eum,quinon

173 3099 476 3206 speciem
520 3102 1063 3215 expositionis,
1106 3100 1233 3183 sed
1267 3098 1508 3183 fidem
1564 3106 1859 3209 quaerit.
1946 3102 2175 3183 Adde
2215 3096 2431 3209 quod
2496 3208 2503 3213 ,

177 3214 272 3292 M.
308 3218 596 3299 Tullius
637 3246 734 3297 ne
770 3213 1318 3350 Thucydidem
1367 3212 1686 3321 quidem
1730 3235 1860 3293 aut
1940 3210 2441 3345 Xenophon-

178 3344 319 3404 tem
350 3329 567 3411 utiles
608 3334 900 3410 oratori
938 3349 1155 3434 putat
1221 3381 1242 3417 ‚
1271 3336 1743 3437 quanquam
1788 3324 2006 3406 illum
2072 3316 2441 3407 bellicum

175 3461 467 3534 canere,
504 3445 727 3545 hujus
781 3464 918 3523 ore
962 3440 1206 3520 musas
1248 3437 1391 3541 esse
1430 3439 1718 3547 locutas
1756 3439 2179 3539 existimet.
2198 3434 2442 3569 Licet

180 3567 415 3630 tamen
454 3557 725 3637 nobis
709 3580 794 3635 m
823 3531 1408 3681 digressionibus
1452 3554 1564 3631 uti
1601 3553 1722 3631 vel
1790 3530 2227 3637 11111011εο
2250 3532 2446 3633 non-

176 3685 547 3768 nunquam
606 3671 857 3747 nitore
906 3723 928 3757 ‚
989 3666 1237 3746 dum
1219 3693 1300 3743 in
1346 3663 1436 3745 iis
1469 3664 1565 3744 'de
1610 3667 1886 3772 quibus
1920 3666 2063 3744 erit
2099 3638 2443 3795 quaestio,

173 3779 732 3859 meminerimus
767 3806 925 3859 non
971 3780 1434 3858 athletarum
1475 3803 1751 3872 torOS,
1792 3776 1920 3857 sed
1962 3779 2295 3879 militum
2338 3770 2444 3877 lfa-‘-

170 3890 404 3966 certos
444 3890 650 3969 effee'
695 3919 837 3972 nec
879 3890 1423 3972 versicolorem
1511 3889 1751 3999 illam
1763 3919 1943 3999 qua
1995 3872 2441 3971 Demetrius

169 3996 548 4081 Phalereus
586 4002 980 4084 dicebatur
1017 4007 1154 4089 uti,
1198 4004 1489 4088 vestem
1514 4004 1730 4082 bene
1749 3986 1847 4082 ad
1868 3990 2250 4085 forensem
2262 3982 2442 4129 pul-'-

165 4133 420 4223 vetem
450 4114 724 4226 facere:
783 4115 909 4223 Est
949 4121 1029 4206 δι
1083 4116 1274 4201 alius
1315 4142 1413 4194 ex
1437 4115 1784 4201 historiis
1817 4115 2011 4214 usus,
2054 4123 2155 4207 δε
2175 4120 2239 4201 15
2264 4112 2445 4331 ἑμί-

1290 4230 1536 4336 Eece
1587 4253 1623 4342 3
1878 4256 1883 4271 ²
2320 4251 2455 4316 em
