3557 5113
314 303 559 466 De
595 271 1041 514 bstit.
1072 209 1801 485 Orcitoria,
1842 297 2401 486 [ihm.
2457 292 2461 297 ’
2640 331 2829 488 193

240 633 537 712 materia
605 626 994 731 judiciali,
1052 629 1598 724 deliberativa,
1665 630 2316 729 demonstrativa,
2357 635 2526 718 sub-
2552 641 2942 737 CtimVlllg

246 746 451 848 jicere
499 742 853 824 solemus.
949 743 1572 853 frequentissime
1630 774 1820 827 vero
1889 753 1969 836 in
2038 751 2157 829 his
2230 753 2524 833 utimur
2591 789 2592 792 ¹

250 854 405 935 ficia
456 855 956 972 personarum
1010 885 1196 965 quas
1270 856 1410 963 ipsi
1496 856 2012 964 substituimus
2045 869 2086 947 ,f
2122 865 2526 945 oratione:

250 990 325 1046 ut
370 967 565 1073 apud
612 965 1079 1049 Ciceronem
1186 997 1274 1048 ro
1328 969 1582 1049 Coelio
1621 1027 1642 1060 ,
1697 972 2060 1053 Clodiam
2119 981 2197 1055 ὅ(
2257 978 2521 1057 Caecus

250 1085 564 1190 Appius,
614 1088 691 1161 ὅ(
737 1079 1057 1167 Clodius
1155 1105 1397 1171 rater‚
1465 1082 1595 1166 ille
1630 1085 1711 1159 in
1757 1086 2359 1193 castigationem,
2391 1088 2520 1168 hic

251 1194 330 1269 in
364 1196 728 1271 rationem
763 1186 1121 1272 amorum
1159 1192 1632 1300 compositus
1657 1249 1677 1282 ‚
1722 1194 2158 1303 alloquitur.
2254 1197 2518 1280 Solent

252 1304 328 1381 in
374 1303 582 1383 scolis
645 1303 838 1411 fingi
905 1310 1239 1386 materiae
1300 1303 1396 1388 ad
1474 1304 2059 1396 deliberandum
2113 1307 2518 1392 similiores

249 1413 812 1507 controversiis,
867 1423 945 1497 ὅ(
1001 1446 1096 1496 ex
1159 1417 1492 1525 utroque
1541 1415 1825 1525 genere
1886 1427 2370 1502 commixtae:
2432 1443 2518 1504 ut

250 1553 409 1605 cum
456 1528 658 1633 apud
716 1536 803 1609 C.
850 1527 1226 1610 Caesarem
1280 1529 1737 1610 consultatio
1785 1528 1883 1609 de
1963 1559 2193 1639 poena
2259 1534 2518 1612 Theo-

246 1637 397 1719 doti
445 1644 779 1746 ponitur.
893 1640 1210 1722 Constat
1273 1646 1485 1721 enim
1530 1641 2005 1722 accusatione
2066 1650 2144 1725 ὅ(
2199 1642 2523 1724 defenfi-
2623 1730 2628 1735 ,

242 1777 383 1830 one
431 1749 719 1848 causae5
812 1749 1027 1860 quod
1065 1754 1188 1834 ‘est
1250 1752 1725 1854 judicialium
1792 1758 2218 1862 proprium.
2349 1761 2524 1837 Per-

240 1867 471 1942 mixta
506 1890 774 1944 autem
813 1865 924 1944 est
978 1868 1055 1945 &
1117 1864 1463 1947 utilitatis
1505 1868 1741 1956 rati0‚
1802 1896 1899 1947 an
1917 1895 2055 1980 pro
2105 1868 2521 1975 Caessrefice-

234 1984 338 2054 rit
385 1975 597 2057 occidi
664 1983 1066 2088 Pompeium
1091 2015 1113 2057 .·
1211 2007 1308 2058 an
1349 1978 1745 2059 timendum
1787 2008 1838 2057 a
1914 2011 2071 2089 rege
2119 1978 2368 2060 bellum
2389 2038 2410 2071 ,
2446 1983 2529 2089 st

237 2086 598 2180 ‘Ibeodotus
610 2090 715 2199 sit
753 2091 998 2195 occistu
1020 2127 1043 2168 :
1095 2120 1193 2171 an
1229 2088 1315 2169 id
1351 2097 1647 2169 minime
1683 2115 2138 2201 opportunum
2171 2093 2298 2173 hoc
2350 2120 2520 2172 tem-

214 2226 410 2309 pore,
448 2200 537 2294 ά*
567 2197 1034 2313 periculcfitm
1051 2259 1071 2285 ,
1138 2196 1231 2294 ὦ·
1260 2226 1439 2280 certe
1476 2204 1763 2322 longum
1773 2204 1877 2309 stt
1885 2207 2253 2309 fitturum.
2292 2210 2519 2305 Qiae-

232 2316 422 2392 n'tur
462 2320 539 2396 &
596 2313 694 2393 de
743 2314 1108 2405 honest0‚
1136 2309 1141 2316 ’
1172 2312 1496 2396 deceatne
1557 2313 1875 2422 Caefirem
1917 2319 2099 2396 ultio
2156 2321 2466 2426 Pompeii
2494 2350 2522 2394 .·

222 2453 330 2502 ιη
396 2452 455 2506 tt
485 2422 873 2508 verendum
892 2483 915 2518 ‚
937 2458 1025 2507 ne
1061 2437 1369 2538 pejorem
1384 2429 1629 2534 fz'tciat
1655 2425 1964 2533 sparum
1991 2436 2317 2537 partium
2360 2458 2521 2509 cau-

200 2537 385 2643 sam
403 2595 425 2623 ‚
446 2540 521 2649 fi
566 2547 975 2651 Pompeium
1028 2538 1403 2656 indtgnum
1447 2564 1667 2620 morte
1694 2541 2048 2648 sineatur.
2118 2538 2355 2645 Qod
2394 2569 2526 2647 ge·-

222 2674 377 2729 nus
413 2649 752 2731 accidere
797 2654 1037 2732 ctiam
1069 2654 1376 2733 veritati
1420 2651 1689 2758 potest.
1785 2657 1973 2732 Non
2032 2651 2359 2759 simplex
2398 2679 2528 2731 au·-

224 2783 393 2841 tem
454 2767 652 2844 circa
717 2762 1069 2844 suasorias
1111 2760 1353 2847 ,error
1400 2766 1488 2842 ‘in
1538 2762 1920 2872 plerisque
1984 2763 2525 2845 declamatori-

227 2869 372 2954 bus
410 2874 589 2960 fixit,
656 2879 794 2983 qui
843 2873 1151 2957 dicendi
1199 2904 1439 2981 genus
1495 2878 1573 2955 in
1622 2877 1737 2956 his
1792 2876 2225 2966 diversum,
2291 2901 2523 2983 atque

228 2983 348 3063 illi
398 2984 730 3087 judiciali
783 2990 1257 3069 contrarium
1309 2987 1451 3069 effe
1508 2987 2061 3068 existimarunt.
2175 2993 2385 3068 Nam
2445 2992 2527 3069 &

222 3100 599 3205 principia
630 3102 1001 3209 abrupta,
1066 3106 1143 3181 ὅ(
1183 3102 1648 3181 concitatam
1705 3097 2010 3205 semper
2050 3103 2517 3190 orationem,

234 3211 462 3287 &in
501 3212 737 3292 verbis
792 3209 1228 3293 effusiorem
1299 3223 1415 3307 (ut
1454 3209 1591 3316 ipsi
1638 3223 1951 3307 vocant)
1997 3211 2297 3290 cultum
2350 3209 2524 3288 affe„-

168 3362 179 3371 -
235 3320 658 3410 (taverunt,
727 3331 808 3406 ὅ(
864 3327 1140 3405 harum
1179 3324 1572 3406 breviores
1603 3324 1871 3428 utique
1915 3324 2525 3403 commentarios

243 3457 472 3537 quam
519 3436 783 3544 legalis
844 3442 1180 3517 materia:
1234 3435 1483 3516 facere
1538 3434 2049 3515 elaborarunt.
2079 3438 2308 3539 *Ego
2345 3460 2526 3539 por-

259 3570 353 3619 ro
389 3571 463 3625 ut
498 3550 893 3654 prooemio
938 3548 1167 3630 video
1209 3577 1366 3628 non
1420 3549 1693 3654 utique
1739 3574 1932 3653 opus
1979 3545 2121 3626 esse
2166 3545 2531 3637 suasoriis,

248 3680 551 3761 ⁴propter
591 3689 782 3770 quas
837 3660 1001 3742 dixi
1048 3662 1267 3767 supra
1316 3660 1611 3751 causaS‚
1680 3661 1784 3737 ita
1835 3687 1970 3740 cur
2016 3659 2239 3736 initio
2293 3657 2534 3763 furio-

128 3860 135 3871 ,
264 3764 349 3843 fi)
401 3767 479 3848 sit
524 3771 1160 3863 exclamandum,
1214 3801 1377 3853 non
1413 3771 1803 3877 intelligo:
1885 3772 2082 3851 ¹cum
2136 3769 2528 3876 proposita

128 3892 135 3927 ²
257 3879 791 3966 consultatione
829 3908 1141 3991 rogatus
1181 3882 1634 3964 sententiam
1658 3939 1680 3975 ,
1744 3881 1799 3964 si
1853 3880 2100 3963 modo
2140 3884 2249 3961 est
2289 3882 2532 3973 saum,

246 4018 393 4073 non
444 4001 760 4105 quiritet
785 4053 808 4086 ‚
861 3990 995 4075 sed
1050 4023 1285 4102 quam
1343 4000 1682 4076 maxime
1738 3996 1984 4101 potest
2027 3992 2236 4073 civili
2289 4000 2365 4075 ὅ(
2401 3995 2535 4070 hu-

237 4131 455 4218 1113119
529 4105 880 4220 ingressu
959 4102 1255 4214 mereri
1312 4107 1680 4217 assensum
1759 4106 2249 4217 deliberantis
2326 4101 2536 4184 velit.

1513 4217 1654 4319 Bb
2379 4215 2548 4311 ,Cut
