3557 5113
279 231 514 437 De
543 222 981 443 [wit.
1023 227 1750 412 oratoria,
1787 222 2088 390 Lib.
2123 227 2275 389 V
2276 148 2395 390 Ι]
2603 259 2784 385 333

203 550 501 644 accidit,
557 578 645 639 ut
690 579 874 639 eum
919 580 1235 669 quoque
1277 554 1621 643 librum.
1664 582 1901 667 quem
1936 564 2026 645 de
2077 560 2294 673 cussis
2333 590 2477 647 cor·

205 697 386 784 rupte
429 673 836 783 eloquentie
892 668 1107 751 emifi
1131 725 1155 762 ,
1191 673 1346 770 jam
1394 669 1725 751 scribere
1787 673 2210 781 aggressus,
2245 674 2477 758 simili

212 786 344 864 istu
401 783 695 864 feriter.
800 786 1023 864 Tunc
1082 785 1321 890 igitur
1367 785 1760 888 optimum
1812 786 2005 878 fuit,
2057 789 2474 870 infaustum

203 922 416 1002 opus,
461 898 542 977 &
604 893 978 1004 quicquid
1026 895 1180 975 hoc
1243 893 1354 974 est
1407 898 1492 974 in
1548 922 1676 974 me
1734 896 2165 980 infelicium
2219 899 2477 982 litera-

201 1036 357 1088 rum
393 1061 416 1100 ,
493 1004 720 1115 super
775 1010 1281 1087 immaturum
1331 1004 1559 1088 funus
1624 1008 2138 1095 consumturis
2185 1010 2476 1094 viscera

210 1146 359 1199 mea
412 1118 750 1200 flammis
793 1121 1155 1221 injicere,
1198 1144 1451 1225 neque
1509 1117 1707 1199 hanc
1754 1123 2079 1227 impiam
2117 1126 2474 1206 vivacita-

210 1252 345 1312 tem
399 1235 624 1315 novis
671 1229 979 1337 insuper
1032 1230 1234 1311 euris
1281 1230 1624 1335 fatigare.
1754 1235 1949 1336 Qis
2010 1238 2222 1313 enim
2268 1235 2473 1316 mihi

206 1343 418 1424 bonus
471 1368 746 1451 parens
792 1340 1138 1449 ignbscat
1171 1393 1198 1430 ‚
1277 1339 1335 1420 fi
1377 1340 1680 1422 studere
1737 1343 2069 1449 amplius
2126 1343 2473 1451 possum?

209 1481 284 1535 ac
324 1482 476 1537 non
523 1454 781 1536 oderit
835 1456 1035 1534 hanc
1090 1455 1329 1535 animi
1392 1456 1552 1532 mei
1606 1452 2127 1544 firmitatem,
2194 1454 2251 1535 fi
2308 1459 2477 1565 quis

208 1568 278 1646 in
312 1596 431 1648 rne
486 1568 597 1647 est
645 1565 837 1647 alius
882 1564 1054 1647 usus
1088 1565 1367 1653 vocis,
1425 1590 1664 1673 quam
1708 1587 1795 1643 ut
1856 1567 2197 1646 incusem
2246 1566 2476 1661 deos»,

208 1678 544 1784 superstes
590 1680 958 1759 omnium
1016 1675 1445 1758 meorum?
1510 1674 1836 1756 Nullam
1873 1697 2109 1759 terras
2142 1677 2486 1786 despice-

209 1817 283 1869 re
336 1789 899 1898 providentiam
942 1789 1227 1870 testor.
1313 1786 1371 1867 fi
1429 1815 1597 1868 non
1647 1813 1835 1869 meo
1877 1788 2111 1882 casu,
2175 1793 2301 1872 cui
2376 1811 2490 1871 ta-

215 1928 381 1983 men
433 1902 634 1984 nihil
677 1902 957 2005 objici,
1016 1899 1155 1981 nifi
1208 1896 1441 2027 quod·
1462 1903 1767 1993 vivam,
1825 1902 2139 2008 potest3
2196 1925 2274 1983 at
2316 1901 2492 1984 illo-

207 2040 363 2095 rum
435 2035 645 2095 certe
701 2070 727 2107 ,
807 2040 1003 2122 quos
1080 2014 1346 2119 utique
1419 2014 1862 2095 immeritos
1925 2041 2143 2095 mors
2223 2013 2496 2096 acerba

203 2123 626 2210 damnavit.
693 2148 958 2231 erepta
1003 2123 1200 2205 mihi
1247 2127 1459 2230 prius
1512 2124 1944 2206 eorundem
2002 2148 2279 2217 matre,
2317 2152 2494 2234 quae

206 2238 535 2320 nondum
609 2238 930 2347 expleto
989 2238 1233 2336 aetatiq
1300 2233 1877 2317 undevicefimo
1946 2265 2152 2318 anno
2196 2290 2252 2328 ,.
2296 2234 2496 2319 duos

206 2353 407 2431 enixa
445 2350 722 2442 filios,
770 2352 1167 2459 quamvis
1195 2345 1690 2428 acerbissimis
1746 2370 1961 2455 rapta
2003 2350 2175 2429 fatis
2213 2402 2238 2438 ,
2298 2347 2497 2431 felix

208 2458 515 2545 deoeffit
601 2468 769 2570 Ego
816 2460 944 2544 vel
997 2459 1149 2540 hoc
1212 2485 1377 2539 uno
1435 2459 1647 2539 malo
1699 2456 1803 2540 fic
1855 2487 2070 2541 eram
2137 2460 2491 2553 affiiCtus,

205 2595 280 2653 ut
311 2603 429 2658 me
458 2579 629 2681 jam
660 2573 873 2655 nulla
907 2572 1217 2654 fortuna
1255 2572 1497 2678 poss‘et
1535 2573 1847 2654 efficere
1888 2572 2218 2654 felicem.
2274 2579 2485 2652 Nam

212 2711 364 2766 cum
413 2698 643 2770 omni
702 2690 988 2770 virtute
1043 2712 1215 2793 quae
1273 2687 1356 2763 in
1411 2684 1766 2765 foeminas
1822 2683 2025 2765 cadit
2067 2741 2090 2770 ‚
2175 2686 2432 2764 funesta
2454 2740 2480 2774 ‚

214 2796 685 2881 insanabilem
731 2796 994 2878 attulit
1043 2799 1329 2876 marito
1381 2794 1743 2876 dolorem
1787 2828 1805 2874 :
1880 2818 2049 2877 tum
2105 2818 2326 2877 aetate
2392 2819 2482 2874 ea

205 2911 544 3013 puellari,
611 2911 1034 3018 praesertim
1090 2935 1284 2987 meae
1337 2930 1781 3015 comparata
1805 2964 1827 3000 ,
1899 2909 2151 3015 potest
2196 2899 2284 2988 ὅ(
2330 2904 2486 3011 ipsa

209 3027 572 3105 numerari
627 3026 834 3102 inter
872 3021 1192 3104 vulnera
1245 3020 1609 3100 orbitatis».
1721 3020 2023 3099 Liberis
2062 3041 2326 3100 ‘tamen
2366 3018 2484 3098 su-

206 3134 614 3265 perstitibus
675 3133 1171 3227 oblectabam
1229 3136 1306 3212 δ(
1348 3129 1563 3256 quod
1597 3129 1807 3209 rlefas
1843 3151 2048 3222 erat,
2084 3131 2315 3220 saeva,
2355 3126 2485 3211 sed
2550 3191 2557 3196 -

217 3245 499 3349 optabat
551 3253 640 3355 ip
643 3243 762 3331 sa,
820 3273 952 3325 me
1000 3241 1210 3324 salvo
1264 3243 1648 3321 maximos
1699 3246 2072 3322 cruciatus
2108 3242 2488 3347 praecipiti

205 3356 313 3435 via
358 3357 648 3485 effugit:
748 3358 944 3438 Mihi
1000 3356 1205 3435 filius
1258 3355 1525 3464 minor
1571 3356 1935 3461 quiritum
1988 3351 2312 3460 egressus
2358 3375 2484 3429 an-

207 3493 418 3563 num,
479 3495 572 3553 ut
620 3473 706 3550 in
752 3468 976 3550 malis
1009 3459 1362 3574 agerem,
1399 3469 1618 3572 prior
1655 3467 1985 3546 alterum
2029 3494 2131 3547 ex
2186 3464 2484 3544 duobus

210 3584 381 3658 eruit
428 3583 729 3666 lumen.
844 3588 1030 3661 Non
1091 3578 1259 3659 sum
1314 3577 1809 3658 ambitiosus
1815 3582 1898 3657 in
1965 3580 2186 3658 malis
2232 3634 2257 3668 ,
2336 3602 2483 3655 nec

213 3716 453 3814 augere
506 3699 1049 3798 lacrymarum
1085 3691 1334 3771 causas
1363 3690 1599 3772 volo:
1667 3692 2119 3801 utinamque
2154 3688 2333 3769 effet
2370 3711 2488 3766 ra-

206 3802 311 3882 tio
340 3805 809 3888 minuendi:
871 3803 1000 3885 sed
1038 3801 1505 3884 diffnnulare
1529 3804 1683 3912 qui
1742 3804 2084 3908 possum,
2135 3799 2325 3909 quid
2369 3798 2488 3879 1111

73 3943 92 3992 ‘2
185 3921 432 4019 gratiae
485 3925 574 3999 in
620 3917 848 3999 vultu
871 3974 895 4008 ,
955 3915 1144 4026 quid
1188 3913 1682 4019 jucunditatis
1726 3918 1810 3994 in
1860 3913 2259 4003 sermone,
2291 3937 2492 4026 quos

185 4030 460 4140 ingenii
523 4029 926 4145 igniculos
971 4084 1000 4127 ‚
1096 4055 1336 4139 quam
1406 4027 1929 4133 praestantiam
1989 4019 2345 4141 placidae¹
2410 4025 2492 4099 δε

1405 4142 1482 4225 Τ
1507 4159 1540 4220 t
1598 4166 1636 4243 3
2246 4130 2500 4241 (quod

89 4543 98 4572 1
