3557 5113
274 260 498 425 De
522 254 963 466 Instit.
1018 261 1727 441 oratoria
1756 259 2058 422 Lib.
2093 259 2360 428 IV.
2557 255 2836 424 239⁶-

204 596 377 671 enim
405 618 563 673 non
602 591 937 701 negabit.
1026 593 1158 674 Ab
1208 591 1637 677 adversario
1678 579 2024 706 quooue:
2073 605 2253 712 quia
2295 631 2461 686 non
2483 569 2674 700 Car.
2718 585 2846 685 ’ΪῐᾼἼ
2889 581 2904 614 ’

209 704 297 783 est
331 706 702 789 habiturus
740 707 824 786 in
875 703 1237 814 negando
1292 703 1554 787 fidem.
1649 713 2156 794 Somniorum
2213 718 2293 795 ὅ(
2339 714 2457 795 su-

204 818 701 922 perstitionum
753 816 1058 900 colores
1107 819 1267 927 ipsa
1316 822 1475 923 jam
1514 817 1878 902 facilitate
1916 825 2457 909 auctoritatem

201 929 680 1035 perdiderunt.
774 935 962 1010 Non
999 929 1110 1012 est
1153 952 1415 1013 autem
1462 931 1634 1012 satis
1709 937 1790 1013 in
1853 938 2292 1016 narratione
2345 940 2464 1020 uti

202 1042 584 1135 coloribus,
636 1040 778 1121 nifi
813 1070 953 1149 per
994 1065 1242 1123 totam
1284 1046 1668 1124 actionem
1720 1037 2238 1127 consentiant:
2281 1035 2462 1129 cum

207 1154 579 1259 praesertim
621 1152 1118 1264 quorundam
1160 1156 1523 1263 probatio
1578 1155 1739 1236 sola
1800 1155 1889 1237 fit
1952 1160 2032 1236 in
2103 1158 2462 1240 assevera-

207 1269 374 1346 tione
411 1272 487 1351 ὅ(
521 1267 1130 1374 perseverantia:
1199 1291 1287 1348 ut
1315 1269 1448 1350 illc
1494 1267 2052 1379 parafitus‚qui
2087 1290 2204 1349 ter
2247 1269 2460 1352 abdi-‘-

204 1402 417 1458 oetum
443 1408 486 1461 a
520 1377 769 1460 divite
809 1381 1174 1481 juvenem
1213 1385 1290 1461 &
1321 1380 1751 1474 absolutum
1774 1437 1799 1473 ,
1844 1400 2210 1492 tanquam
2248 1380 2481 1481 suum·

204 1487 411 1571 filium
448 1491 737 1577 asserit,
801 1491 1107 1574 habebit
1220 1491 1485 1573 uidem
1541 1493 1948 1584 colorem‘,
2010 1520 2172 1600 quo
2210 1491 2414 1596 dicat
2438 1511 2478 1590 ς·

202 1607 262 1681 &
298 1625 820 1711 paupertatem
851 1602 985 1684 fibi
1029 1631 1167 1685 cau
1200 1633 1328 1687 am
1369 1603 1815 1714 exponendi
1857 1603 2067 1685 fuisse
2091 1662 2112 1692 ‚
2172 1609 2250 1687 &
2287 1602 2467 1686 ideo

201 1741 236 1792 a
267 1714 325 1796 st:
354 1714 654 1823 parafiti
695 1715 1101 1824 personam
1132 1715 1276 1798 esse
1320 1713 1784 1824 sulceptam‚
1829 1720 2013 1827 quia
2044 1719 2126 1798 in
2163 1715 2293 1798 ina
2327 1715 2471 1797 do·

200 1853 312 1906 mo
358 1828 611 1909 filium
682 1829 1003 1909 haberet
1048 1862 1071 1918 3
1138 1835 1216 1912 &
1267 1827 1451 1911 ideo'
1500 1830 1725 1910 illum
1791 1831 2295 1909 innocentem
2352 1847 2483 1926 ter-

199 1936 597 2022 abdicatum
624 1998 647 2044 ,
712 1945 892 2051 quia
931 1940 1131 2046 filius
1168 1938 1585 2024 abdicantis
1634 1957 1799 2021 non
1852 1940 2051 2022 esset.
2148 1938 2308 2023 Nifi
2353 1961 2479 2050 ta-v

197 2078 347 2133 rnen
377 2055 741 2136 omnibus
776 2055 1026 2158 verbis
1067 2058 1144 2135 &
1188 2080 1543 2156 amorem
1579 2056 1954 2161 patrium,
1994 2078 2224 2164 atque
2265 2052 2477 2135 hunc

198 2164 476 2269 quidem
519 2163 1149 2249 ardentissimum
1183 2162 1646 2259 ostenderit,
1701 2172 1780 2246 ὃ(
1830 2164 2101 2247 odium
2166 2164 2474 2258 divitis,

200 2279 257 2355 ὅ(
304 2304 600 2360 metum
649 2308 797 2386 pro
850 2283 1124 2376 juvene
1154 2334 1176 2369 ,
1243 2304 1483 2386 quem
1534 2276 1960 2384 periculose
2018 2278 2472 2360 mansurum

198 2389 258 2467 in
290 2391 405 2469 illa
470 2390 773 2479 domo,
833 2393 914 2469 in
971 2417 1123 2498 qua
1178 2413 1337 2470 tam
1400 2389 1679 2471 invisus
1739 2388 1879 2480 fit,
1939 2389 2119 2472 sciat
2148 2424 2174 2482 ‚-
2243 2387 2476 2497 suspi-

198 2502 381 2587 cione
428 2503 746 2605 subjecti
792 2505 1149 2609 petitoris
1200 2529 1362 2584 non
1407 2502 1717 2584 carebit.
1810 2506 2084 2599 Evenit
2126 2501 2494 2609 aliquanf

197 2610 281 2692 do
313 2619 382 2697 in
413 2616 828 2699 scolasticis
864 2613 1442 2707 controversus,
1499 2612 1712 2723 quod
1756 2617 1837 2693 in
1879 2615 2058 2695 foro
2097 2642 2196 2697 an
2237 2609 2475 2722 possit

201 2731 495 2810 accidere
526 2728 857 2821 dubito,
914 2750 1001 2808 ut
1055 2723 1337 2809 eodem
1396 2726 1660 2808 colore
1710 2748 2037 2833 utraque
2087 2754 2260 2836 pars
2301 2749 2469 2807 uta-

199 2856 329 2932 tur,
382 2840 672 2923 deinde
717 2868 901 2922 eum
953 2867 1101 2946 pro
1139 2837 1214 2920 sc
1252 2838 1569 2946 quisque
1612 2836 2016 2920 defendat:
2085 2861 2171 2920 ut
2207 2840 2292 2918 in
2334 2835 2469 2919 illa

197 2951 721 3036 controversia:
816 2969 1015 3035 Uxor
1040 2955 1318 3036 'niarito
1370 2953 1571 3033 dixit
1626 2955 2042 3066 appeffatain
2083 2950 2151 3039 le*
2200 2951 2291 3030 de
2320 2951 2472 3049 stau

180 3086 295 3171 pro
342 3095 383 3142 a
424 3075 764 3177 privigno
782 3121 805 3149 ‚
870 3063 962 3159 ό·
985 3058 1135 3172 fibi
1188 3065 1630 3169 coqstitutum
1697 3089 1996 3174 tempus,
2049 3059 2146 3159 ά
2191 3066 2420 3144 locum
2441 3097 2469 3145 .·

199 3175 408 3255 eadem
440 3207 689 3262 centra
700 3181 915 3284 filius
950 3179 1213 3260 detulit
1261 3178 1361 3257 de‘
1390 3204 1691 3259 merca
1704 3230 1727 3266 ,
1774 3175 1964 3257 edito
1998 3198 2285 3255 tantum
2320 3178 2477 3257 alio

193 3309 451 3400 tempore
466 3349 487 3378 ,
520 3322 621 3374 ac
660 3296 805 3373 loco
823 3327 848 3370 .·
908 3315 1120 3403 pater:
1149 3295 1233 3370 in
1267 3319 1343 3367 eo
1375 3318 1585 3399 quam
1618 3286 1802 3369 uxor
1815 3287 2252 3398 praedixerat
2266 3344 2290 3379 ,
2324 3290 2470 3392 fili-

196 3426 297 3477 nm
330 3410 656 3495 invonit,-
721 3412 804 3486 in
841 3435 918 3485 eo
952 3432 1159 3515 quem
1178 3404 1424 3507 filius,
1469 3396 1760 3483 u'xorem
1782 3435 1808 3482 .·
1901 3400 2103 3480 ‘idam
2142 3398 2472 3510 repudia·

197 3518 337 3593 vit:
412 3547 560 3629 qua
620 3541 935 3603 tacente,
984 3514 1242 3626 fillum
1291 3514 1600 3599 abdicat.
1713 3509 1936 3592 Nihil
2001 3505 2157 3591 dici
2211 3510 2472 3619 potest

203 3647 324 3726 Pro
366 3630 639 3725 iuvene
665 3684 689 3721 ‚
754 3627 972 3737 quod
1012 3654 1173 3709 non
1217 3620 1437 3711 idem',
1472 3624 1564 3709 fit
1607 3628 1763 3734 pro
1811 3650 2168 3707 noverca.
2324 3628 2474 3719 Po,

203 3759 433 3820 nentur
468 3767 749 3825 tamen
800 3743 1035 3843 etiam
1090 3740 1586 3830 communia,
1637 3734 1918 3821 deinde
1970 3763 2068 3817 ex
2114 3734 2474 3843 personaq'

190 3873 343 3929 rum
374 3858 958 3964 comparatione
995 3908 1018 3944 ‚
1074 3843 1155 3963 q&
1191 3849 1459 3947 indicii
1500 3848 1820 3947 ordine,
1890 3854 1968 3929 &
2006 3847 2482 3955 filentioreq

178 3961 519 4070 padam,
576 3989 1037 4073 argumenta
1080 3960 1624 4053 ducentum-Ne
1662 3961 1857 4046 illud
1887 3958 2209 4071 quidem
2253 3958 2482 4072 igno-⁸

175 4099 324 4160 me
381 4100 708 4193 oportet
741 4134 768 4168 ‚
845 4074 1201 4191 quaedam
1252 4076 1398 4160 effe
1457 4105 1628 4190 quae
1676 4078 2033 4163 colorem
2072 4103 2239 4161 non
2279 4076 2482 4202 reci·'

2231 4207 2487 4300 piant,
