3557 5113
316 220 1009 432 Debfiit.
1026 211 2053 403 Omtoria,Lss2.
2072 212 2461 378 VIII.
2521 106 2525 113 ’
2611 239 2867 424 477.

210 533 522 621 lumus
568 538 872 616 ratione
906 536 1228 618 ducitur.
1308 530 1761 636 Obje&urus
1819 538 2179 619 Antonio
2234 540 2516 621 Cicero
2540 531 2609 616 C
2626 553 2675 608 Δ
2701 555 2764 607 t
2787 527 2919 615 lv

209 673 537 733 merum
586 653 667 728 δι
709 654 1144 739 vomituum
1205 660 1354 738 Tu,
1397 648 1711 778 inquit,
1763 647 1918 751 ssis
1945 647 2330 757 faucibus,
2356 651 2515 756 ssis

213 757 609 842 lateribus,
674 762 883 869 istaeg
882 762 1274 841 ladiaetoria
1308 765 1523 838 totius
1560 764 1872 868 corporis
1874 765 2246 863 firmitate.
2296 761 2513 864 Qid

208 871 475 951 fauces
533 875 614 951 ὅ(
664 791 904 951 latera
945 873 1042 952 ad
1092 872 1545 952 ebrietatem
1606 868 1630 948 ἓ
1698 874 2024 953 Minime
2079 870 2252 952 sunt
2309 874 2512 954 otio·

208 981 312 1061 sa.
431 988 643 1060 Nam
707 979 1189 1088 respicientes
1255 978 1351 1061 ad
1401 981 1561 1061 haee
1591 1028 1623 1071 0
1690 980 2073 1085 possumus
2136 982 2511 1067 aeffimate

207 1113 601 1200 quantum
639 1091 770 1172 ille
805 1097 965 1175 vini
1016 1098 1099 1174 in
1135 1093 1441 1199 Hippiae
1483 1095 1769 1191 nuptiis
1815 1093 2267 1187 exhauserlt,
2286 1093 2507 1202 quod

205 1205 423 1285 ferre
485 1210 570 1286 &
635 1230 971 1304 coquere
1028 1230 1194 1286 non
1242 1202 1485 1310 posset
1544 1200 1676 1281 illa
1721 1201 2173 1307 gladiatoria
2223 1230 2506 1311 corpo-

209 1319 318 1395 ris
364 1316 756 1396 firmitate.
851 1323 1058 1422 Ergo
1105 1315 1162 1396 fi
1202 1341 1302 1394 ex
1341 1312 1499 1393 alio
1561 1311 1951 1419 colligitur
2009 1314 2212 1395 aliud
2244 1371 2268 1407 ‚
2360 1343 2506 1397 nec

211 1428 747 1553 improprium
785 1480 810 1517 ‚
868 1454 1013 1508 nee
1067 1423 1544 1507 inusitatum
1569 1452 1872 1504 nomen·
1930 1425 2041 1506 est
2103 1429 2507 1507 ratiocina-

216 1540 459 1618 tionis
486 1591 512 1629 ,
570 1557 661 1617 ut
717 1536 933 1646 quod
984 1566 1085 1619 ex
1146 1534 1420 1618 eadem
1482 1535 1693 1615 causta
1754 1540 1961 1616 inter
2026 1537 2259 1619 status
2312 1564 2508 1646 quo·

215 1675 384 1758 que
435 1649 823 1730 habemus.
914 1653 1037 1731 Sic
1103 1654 1209 1731 δε
1245 1675 1343 1728 ex
1404 1646 1960 1782 insequentibus
2014 1648 2513 1756 amplificatio

214 1759 559 1842 ducitur.
680 1759 1085 1869 Siquidem
1138 1781 1349 1841 tanta
1401 1768 1518 1841 vis
1571 1758 1720 1838 fuit
1778 1762 1940 1841 vini
1992 1763 2510 1868 erumpentis.

205 1894 308 1953 ut
365 1900 536 1953 non
574 1871 831 1953 casum
873 1870 1182 1952 afferret
1242 1890 1370 1952 aut
1420 1868 1966 1964 voluntatem,
2018 1871 2152 1952 sed
2194 1869 2512 1953 neceffi..

211 2005 475 2064 tatem
497 2037 521 2074 ‚
580 1982 713 2062 ubi
756 1982 1089 2064 minime
1131 1982 1439 2064 deceret
1461 2036 1485 2073 ‚
1533 1981 1965 2065 vomendi.
2029 1988 2109 2065 ὅ(
2165 1984 2319 2065 cibi
2347 2010 2514 2064 non

207 2117 574 2176 recentes
610 2147 636 2184 ‚
704 2115 794 2174 ut
854 2093 1201 2175 accidere
1261 2097 1575 2183 interim
1632 2092 1826 2174 solet
1866 2148 1890 2183 ‚
1962 2094 2510 2187 redderentur,

204 2205 348 2287 sed
395 2209 534 2314 qui
584 2204 818 2313 usque
873 2211 956 2285 in
991 2206 1391 2312 posterum
1443 2201 1655 2284 diem
1695 2202 2230 2287 redundarent.
2294 2203 2515 2288 ldcm

203 2318 372 2400 hoc
435 2316 793 2424 praestant
859 2342 1033 2425 quae
1088 2314 1658 2399 antecesserunt.
1765 2322 1980 2398 Nam
2023 2343 2206 2400 cum
2251 2315 2514 2400 AEolus

201 2457 253 2511 a
282 2431 611 2539 Junone
651 2449 1001 2537 rogatus·
980 2486 1005 2525 ‚

700 2662 799 2676 --
822 2624 1095 2691 cavum
1147 2607 1470 2714 conversi
1525 2605 1792 2718 cuspide
1843 2628 2146 2687 montem

396 2723 703 2831 Impulit
746 2730 829 2803 in
872 2726 1111 2806 latus,
1185 2749 1269 2798 ac
1313 2727 1519 2801 venti
1551 2724 1749 2802 velut
1785 2728 2069 2831 agmine
2079 2715 2329 2826 fedo,

403 2840 600 2941 Qa
623 2834 804 2913 data
818 2858 1096 2945 porta,
1152 2854 1412 2915 ruunt:
1440 2881 1540 2898 --

198 3000 539 3086 apparet
595 3002 882 3088 quanta
933 2981 1027 3065 fit
1087 2981 1344 3064 futura
1423 2981 1854 3089 tempestas.
1952 2985 2162 3088 Qid
2208 2988 2235 3073 ι
2335 3013 2519 3070 cum

205 3118 332 3172 res
377 3090 887 3174 atroeissimas
925 3148 951 3186 ‚
1019 3094 1354 3201 quasque
1426 3097 1509 3174 ιιι
1560 3095 1945 3174 summam
2030 3097 2169 3204 ipfi
2244 3098 2517 3180 extuli-

208 3228 386 3282 mus
445 3201 901 3296 invidiam,
967 3203 1357 3286 elevamus
1413 3204 1770 3287 consulto
1810 3255 1834 3297 ,
1930 3232 2139 3314 quo
2158 3216 2521 3317 graviora

212 3311 632 3394 videantur
679 3341 849 3421 quae
901 3314 1249 3398 secutura
1301 3316 1534 3398 sunt.
1584 3338 1668 3397 ut
1720 3345 1764 3397 a
1801 3321 2180 3403 Cicerone
2233 3323 2523 3404 fastum

218 3423 340 3501 est
386 3452 566 3505 cum
626 3423 765 3504 illa
804 3425 1159 3522 diceret3
1218 3431 1447 3508 Levia
1497 3428 1665 3529 fient
1718 3427 1855 3509 haec
1907 3435 1988 3507 in
2035 3430 2161 3511 boc
2219 3464 2333 3514 reo
2380 3443 2519 3515 cri-

211 3542 449 3614 mma.
556 3552 833 3618 Metam
877 3545 1253 3649 virgarum
1295 3537 1696 3619 marchas
1739 3539 2154 3652 nobiltffima
2204 3552 2525 3627 civitat&

185 3654 461 3756 precio
493 3647 852 3727 redemit:
908 3647 1304 3730 humanum
1348 3651 1451 3753 ιβ.
1541 3654 1790 3738 Alius,
1863 3682 1951 3731 ne
1977 3654 2219 3759 ficari
2250 3660 2522 3764 firin-

198 3781 392 3846 tur,
435 3767 822 3866 pccnniam
860 3760 1110 3840 dedit.-
1169 3762 1498 3866 rgftatum
1538 3763 1642 3866 ss.
1724 3768 2008 3843 Nonne
2045 3767 2212 3849 usus
2246 3768 2355 3850 est
2410 3796 2527 3848 ra-

192 3872 794 3958 tiocinatione,
858 3897 1012 3977 qua
1052 3871 1514 3976 colligerent
1572 3867 1961 3955 audientes
2009 3900 2527 4064 quantumhu-
2442 3879 2521 3955 il-

179 3978 332 4091 lud
375 3978 577 4088 ess'et
630 3979 849 4090 quod
898 3981 1432 4076 inferebatur,
1484 3986 1607 4062 cui
1649 4009 2095 4098 comparata
2130 3991 2295 4077 haec
2317 4044 2341 4080 ³

1446 4099 1525 4199 Q
1544 4119 1597 4199 ο
1614 4121 1668 4206 9
1726 4124 1764 4211 3
2310 4119 2544 4185 mam

2311 4198 2331 4206 ›-
2381 4187 2544 4205 -—--—--⁴
