3557 5113
720 187 945 316 584
1191 165 1897 320 M.EA1³11-
2027 122 3253 326 ancvrn'rmr

635 495 828 574 cina
865 480 1350 572 lvpdnssria
1392 480 1603 570 sunt,
1625 485 1703 564 &
1725 474 1863 560 ilfa
1898 472 2223 585 quidem
2251 480 2578 562 maximi
2610 478 2893 562 laboris
2916 534 2939 564 ‚
2986 506 3100 560 -ne
3146 478 3357 561 labo-

1050 619 1217 679 tata
1235 595 1660 679 videantur.
1771 587 1921 678 Sed
1954 616 2209 698 neque
2243 590 2727 698 longioribus
2764 619 3001 701 quam
3029 616 3357 698 oportet

1051 709 1498 819 hyperbatis
1533 702 2076 812 compositioni
2138 702 2583 794 serviamus,
2620 732 2721 785 nc
2770 733 2940 814 quae
2978 709 3155 808 ejus
3193 732 3357 812 gra-

1060 824 1165 910 tia
1199 822 1639 910 fecerimus,
1673 833 2011 924 ‘propter
2043 841 2219 895 eam
2271 817 2521 897 fecisse
2551 816 2973 900 videamur.
3070 823 3175 897 Et
3205 845 3357 897 cer-

1060 957 1144 1022 te,
1167 933 1475 1020 nullum
1511 954 1784 1040 aptum
1821 945 2052 1036 atque
2085 924 2481 1010 idoneum‘
2506 929 2837 1011 verbum
2891 934 3357 1036 praetermit-

1062 1070 1312 1134 temus
1353 1048 1595 1153 gratia
1615 1041 1985 1125 lenitati&
2078 1044 2358 1148 Neque
2408 1045 2621 1122 enim
2697 1044 2846 1121 erit
2899 1043 3164 1123 ullum
3209 1066 3359 1122 tam

1062 1156 1390 1237 difficile
1427 1213 1451 1249 ‚
1506 1155 1722 1266 quod
1759 1181 1921 1234 non
1942 1152 2367 1235 commode
2390 1155 2617 1235 inseri
2654 1152 2934 1258 postit‚
2976 1155 3127 1235 nist
3157 1152 3357 1263 quod

1064 1272 1150 1350 in
1190 1268 1563 1353 evitandis
1603 1264 1983 1371 ejusmodi
2043 1265 2293 1347 verbis
2346 1294 2509 1347 non
2547 1266 2915 1347 decorem
2979 1265 3359 1374 composi-

1064 1385 1301 1464 tionis
1339 1385 1775 1491 quaerimus‚
1823 1377 1953 1458 sed
1985 1377 2523 1486 facilitatem-9
2577 1384 2766 1458 Non
2817 1399 3095 1459 tamen
3134 1383 3350 1460 mira-

1066 1494 1218 1575 bor
1247 1497 1571 1576 Latinos
1605 1494 1848 1598 magis
1881 1487 2262 1569 indulfisse
2296 1490 2883 1596 compositioni,
2948 1518 3197 1600 quam
3222 1497 3353 1570 At-

1066 1608 1289 1693 ticos,
1313 1606 1680 1719 quamvis
1721 1604 1978 1682 minus
2023 1603 2108 1680 in
2167 1602 2420 1683 verbis
2458 1604 2787 1683 habeant
2832 1607 3233 1685 varietatis
3280 1609 3353 1685 δε

1065 1721 1356 1825 gratiae.
1438 1723 1616 1799 Nec
1645 1717 1923 1798 vitium
1957 1713 2289 1796 dixerim
2328 1715 2381 1794 si
2420 1719 2697 1795 Cicero
2743 1742 2785 1794 a
2823 1717 3350 1796 Demosthene

1067 1828 1473 1935 paululum
1508 1833 1589 1908 in
1626 1828 1770 1906 hac
1797 1848 2015 1932 parte
2044 1824 2379 1908 descivit.
2472 1827 2619 1908 Sed
2658 1851 2832 1936 quae
2868 1827 2969 1907 sit
3004 1827 3344 1907 differen-

1068 1943 1175 2020 tia
1229 1940 1468 2021 no'stri
1503 1941 1886 2048 graecique
1944 1937 2320 2020 sermonis
2355 1995 2378 2031 ,
2418 1940 2833 2045 explicabit
2883 1939 3217 2020 summus
3253 1939 3335 2016 li·

1065 2050 1224 2132 ber.
1287 2050 1778 2159 Compositio
1830 2061 1868 2148 (
1923 2077 2107 2131 nam
2145 2051 2386 2132 finem
2430 2056 2839 2160 imponere
2877 2051 3177 2158 egresso
3221 2048 3348 2132 de-

1063 2162 1434 2245 stinatum
1475 2163 1807 2245 modum
1842 2163 2224 2246 volumini
2264 2164 2541 2244 festino
2582 2176 2611 2262 )
2672 2164 2900 2245 debet
2931 2163 3079 2244 esse
3117 2167 3352 2245 hone-

1067 2273 1226 2367 sta‘,
1251 2271 1637 2379 ‘jucunda‚
1685 2281 1919 2359 varia.
2033 2278 2209 2374 Ejus
2242 2297 2396 2357 tres
2431 2273 2718 2382 partes,
2754 2275 2987 2365 ordo,
3035 2282 3348 2378 conjun-

1065 2388 1258 2472 etio,
1301 2414 1694 2468 numeruS.
1747 2390 2006 2476 Ratio,
2046 2389 2127 2466 in
2160 2385 2588 2482 adjefflone
2609 2446 2634 2482 ,
2660 2388 3174 2481 dett-afflone,
3194 2417 3350 2468 mu·

1063 2502 1378 2580 tatione.
1457 2499 1650 2584 Usus
1686 2523 1834 2608 pro
1867 2519 2137 2581 natura
2185 2527 2451 2581 rerum
2488 2525 2672 2608 quas
2710 2500 3070 2584 dicimus.
3160 2509 3353 2585 Cura

1063 2635 1370 2717 magna,
1404 2635 1490 2692 ut
1524 2611 1897 2693 sentiendi
1932 2636 2162 2720 atque
2223 2612 2593 2722 loquendi
2644 2618 2863 2723 prior
2904 2614 3020 2697 fit.
3133 2613 3349 2697 Diffi-

1065 2722 1627 2833 mulauiqcurae
1682 2729 2067 2831 praecipua
2120 2781 2142 2815 ‚
2210 2749 2293 2806 ut
2348 2731 2659 2807 numeri
2700 2728 2978 2837 sponte
3034 2726 3351 2820 finxisti,

1067 2860 1234 2918 non
1267 2834 1590 2918 arceffiti
1614 2862 1758 2918 nec
1781 2838 2025 2918 eoaffl
2044 2837 2191 2919 effe
2232 2834 2659 2928 videantur.

1525 3088 1564 3131 τι
1681 3066 1696 3121 ’.

2716 4043 2726 4051 ·
2882 4043 3067 4160 M.
3102 3994 3338 4158 fabii
