3557 5113
283 220 2442 435 ›Delnstiaoratoria,Lib.X11.⁶
2558 243 2813 377 '745
2966 307 2967 310 ‡
3044 207 3055 226 ’

206 524 473 629 cipuos
506 576 529 606 .
585 528 663 603 &
698 518 1068 630 pingendi
1110 518 1612 630 fingendique
1665 522 1879 604 idem
1924 528 2168 607 mirus
2214 527 2489 609 artifex
2561 543 2877 635 Cu‚x,

201 634 372 714 fuit.
471 633 751 714 Similis
785 637 866 713 in
915 633 1172 713 statuis
1205 632 1660 714 differentia.
1755 644 1961 715 Nam
2001 638 2351 724 duriora,
2403 647 2484 722 δε

187 745 692 826 Thuscanicis
738 758 1096 852 proxima
1149 745 1401 826 Calon
1464 769 1696 854 atque
1730 748 2021 856 Egestas
2058 806 2079 842 ‚
2141 755 2296 850 jam
2339 756 2489 833 mi·-

183 883 345 938 -nus
390 856 636 963 rigida
680 857 1013 938 Calamis
1046 914 1076 948 ,
1128 857 1776 958 molliora-adhuc
1814 859 2273 967 supradietis
2312 870 2489 972 My-

179 993 348 1049 ·ron
382 970 586 1049 fecit.
698 969 1123 1075 Diligentia
1157 997 1243 1049 ac
1271 968 1513 1049 decor
1547 975 1629 1049 in
1652 972 2052 1078 Polycleto
2086 974 2310 1081 supra
2342 1004 2488 1057 cae-

181 1099 409 1161 -teros
451 1139 473 1166 ,
520 1084 644 1161 cui
680 1106 1121 1188 quanquam
1159 1108 1202 1160 a
1235 1082 1616 1188 plerisque
1649 1084 2008 1165 tribuitur
2030 1087 2331 1192 palma,
2371 1109 2485 1170 ta·

176 1221 382 1273 men
418 1220 514 1274 ne
549 1193 743 1272 nihil
786 1191 1275 1284 detrahatur,
1325 1193 1574 1273 deeffi:
1595 1194 1898 1298 pondus
1919 1217 2204 1301 putant.
2262 1204 2475 1280 Nam

195 1329 281 1386 ut
315 1307 677 1386 humanae
714 1305 989 1384 forma:
1036 1303 1407 1385 decorem
1461 1302 1841 1384 addiderit
1891 1306 2114 1413 supra
2169 1336 2474 1400 verum,

175 1422 308 1502 ita,
344 1445 508 1498 non
532 1415 942 1522 expleviss'e
960 1415 1290 1497 deorum
1312 1417 1853 1497 auftoritatem
1887 1417 2212 1499 videtur.
2271 1423 2483 1522 Qin
2520 1476 2541 1506 ,-

174 1552 502 1610 aetatem
535 1554 848 1637 quoque
881 1532 1325 1635 graviorem
1369 1527 1651 1610 dicitur
1687 1529 2036 1635 refugisti:
2060 1585 2084 1621 ‚
2126 1528 2320 1611 nihil
2354 1559 2480 1614 au-

183 1642 305 1722 sus
344 1642 552 1721 ultra
584 1639 806 1722 laeves
847 1667 1100 1746 genas.
1216 1645 1325 1720 At
1371 1667 1542 1748 quae
1575 1640 1974 1748 Polycleteo
2026 1641 2482 1728 defuerunt,

177 1752 481 1835 Phidiae
516 1773 742 1862 atque
785 1752 1191 1833 Alcameni
1249 1751 1549 1833 dantur.
1659 1750 1960 1833 Phidias
2014 1775 2277 1834 tamen
2338 1754 2484 1835 diis
2546 1833 2553 1840 .

181 1893 429 1974 quam
478 1864 919 1945 hominibus
982 1863 1420 1944 efficiendis'
1469 1861 1757 1943 melior
1802 1864 2076 1975 artifex
2127 1863 2485 1958 traditur,

169 1981 263 2057 in
300 1977 550 2056 ebore
587 2002 780 2056 vero
820 1975 1054 2080 longe
1107 1979 1298 2054 citra
1345 1975 1715 2055 aemulum
1748 2030 1772 2061 ‚
1832 1976 1961 2057 vel
2003 1974 2060 2055 sl
2094 1977 2287 2055 nihil
2342 1975 2484 2058 nifi

175 2092 638 2170 Minervam
673 2086 1003 2192 Athenis
1039 2137 1063 2174 ,
1129 2106 1257 2164 aut
1293 2085 1757 2191 Olympium
1804 2089 1885 2165 in
1941 2085 2157 2166 Elide
2193 2088 2483 2194 Jovem

171 2196 547 2281 fecisset:
597 2200 805 2299 cujus
848 2195 1349 2304 pulchritudo
1379 2195 1722 2300 adjeeiss'e
1763 2197 2058 2306 aliquid
2090 2202 2326 2279 etiam
2367 2227 2484 2282 re-

170 2334 439 2419 ceptae
476 2310 840 2419 religioni
864 2308 1176 2392 videtur
1197 2343 1224 2399 ,-
1263 2306 1460 2389 adeo
1530 2307 1878 2410 majestas
1944 2313 2200 2415 operis
2242 2308 2483 2391 deum

170 2415 548 2532 aequavit.
661 2419 791 2503 Ad
831 2423 1240 2505 veritatem
1274 2418 1706 2529 Lyfippum
1743 2426 1825 2502 ὃ(
1864 2419 2329 2502 Praxitelem
2357 2449 2480 2500 ac-

169 2534 477 2626 cessisse
516 2536 817 2643 optime
859 2531 1278 2614 affirmant.
1382 2538 1592 2612 Nam
1628 2534 2076 2613 Demetrius
2110 2554 2479 2641 tanquam

177 2653 485 2732 nimius
553 2652 637 2729 in
690 2676 790 2728 eo
850 2643 1447 2752 reprehenditur
1494 2694 1521 2728 ‚
1623 2650 1703 2725 ὅ(
1765 2644 1912 2724 fuit
1966 2641 2481 2725 fimilitudinis

169 2788 422 2871 quam
469 2756 1066 2867 pulchritudinis
1124 2757 1535 2839 amantior.
1655 2762 1739 2836 ln
1789 2760 2142 2836 oratione
2198 2783 2391 2838 vero
2426 2754 2488 2838 fi

168 2873 476 2985 speeies
515 2873 801 2952 intueri
839 2866 1075 2954 velis,
1125 2860 1472 2948 ‘totidem
1521 2894 1722 2975 pene
1762 2871 2097 2974 reperias
2132 2870 2486 2979 ingenio-

163 3013 351 3067 rum
379 3042 405 3079 ,
445 3003 656 3093 ‘quot
693 3006 1120 3088 corporum
1158 2980 1470 3059 formas.
1553 2977 1703 3058 Sed
1737 2979 1952 3058 fuere
1975 2976 2329 3084 quaedam
2353 3004 2491 3081 ge-

163 3124 356 3179 nera
405 3093 731 3179 dicendi
771 3090 1224 3173 conditione
1255 3113 1705 3195 temporum
1754 3088 2192 3167 horridiora
2213 3141 2237 3177 ,
2288 3088 2491 3167 alio-'

223 3216 304 3291 ui
349 3232 735 3315 magnam
771 3208 928 3304 jam
983 3204 1270 3309 ingenii
1300 3204 1464 3281 vim
1503 3227 1660 3307 prae
1700 3197 1772 3277 se
1814 3197 2159 3278 ferentia.
2268 3200 2480 3278 Hine

161 3238 346 3403 punt
395 3318 678 3408 Lat-lii,
722 3316 1111 3404 Africani,
1167 3319 1545 3404 Catones,-
1591 3311 2119 3418 Gracchique,
2160 3334 2358 3416 quos
2393 3330 2480 3389 tu

159 3435 355 3515 licet
394 3431 887 3540 Polygnotos
960 3424 1087 3507 vel
1123 3424 1458 3506 Calones
1513 3422 1876 3531 appelles.
2017 3418 2377 3501 Mediam‘
2399 3421 2487 3500 il-

161 3548 335 3625 lam
376 3546 730 3625 formam
773 3560 1084 3621 teneant
1109 3539 1209 3617 L.
1250 3535 1587 3619 Crassus,
1619 3532 2215 3634 QHortenfius.
2270 3537 2485 3614 Tum

170 3656 473 3738 deinde
512 3650 944 3734 efflorescat
981 3677 1145 3730 non
1202 3648 1540 3759 multum
1595 3649 1798 3726 inter
1874 3646 1948 3727 stt
2032 3644 2480 3725 distantium

163 3790 645 3873 temporum
675 3783 1079 3846 oratorum
1095 3765 1364 3868 ingens
1392 3781 1837 3867 proventus.
1905 3759 2113 3840 Hinc
2132 3761 2293 3841 vim
2318 3764 2480 3838 Cae-
2648 3856 2653 3859 ,

161 3881 362 3963 saris
390 3934 417 3966 ‚
483 3875 835 3959 indolem
857 3873 1099 3956 ‘Coelii
1139 3926 1162 3964 ,
1227 3871 1734 3983 subtilitatem,
1762 3869 2064 3959 Callidii
2105 3926 2128 3954 ‚
2159 3871 2490 3976 gravita-

164 3996 350 4082 tessm
363 3991 647 4089 Bruti,
718 4014 1050 4076 acumen
1084 3978 1391 4095 Sulpicii
1420 3998 1459 4066 .’
1489 3983 1996 4066 acerbitatem
2038 3977 2283 4171 Cassii
2301 4032 2323 4064 0
2346 3972 2490 4053 :diz-

1321 4098 1650 4197 Aaaaa
1697 4118 1736 4198 3
1888 4106 1897 4113 ·
2252 4093 2497 4199 ‘igen-
