3557 5113
733 216 990 388 664
1213 371 1216 374 Α
1321 227 1540 339 M.
1579 229 1763 336 {Fi
1804 256 2003 328 1311-
2046 219 3041 372 Qum'c‘r-xt‘ia‘m

647 531 650 534 ’
712 542 902 632 Cap.
925 537 1007 629 11,
1029 521 1349 610 *cundae
1385 519 1731 602 astionis
1762 512 1972 606 libris
2006 564 2033 604 ‚
2077 503 2613 614 explicentur.
2649 503 3375 613 acbmeminerimus

1063 631 1326 724 etiam*
1364 635 1729 714 omnium
1786 620 1996 735 quasi
2051 613 2591 728 depositorum
2629 651 2653 716 3
2692 644 2959 701 nonne
3005 613 3364 724 impediri

1061 750 1416 864 quidem·
1456 770 1736 825 eorum
1767 765 1939 847 quae
1970 732 2203 825 dicit,
2268 728 2685 812 decursum
2731 729 3026 815 neoesse
3052 729 3193 810 est
3252 725 3375 809 du-

1063 866 1261 975 plici
1294 857 1694 956 memoria:
1727 850 1955 934 cura?
2008 852 2225 929 Nam
2274 842 2686 953 quomodo
2718 866 3101 954 poterunt
3151 867 3373 948 copu-

1069 972 1510 1070 latafluere
1542 1024 1567 1061 ‚
1632 965 1689 1046 fi
1735 983 2059 1072 propter
2089 956 2386 1064 lingula
2426 958 2662 1064 verba
2701 955 2798 1039 ad
2836 956 3180 1065 singulas
3221 955 3359 1034 for-

1063 1116 1236 1173 mas
1270 1077 1845 1192 respiciendum
1876 1081 2022 1156 erit
2060 1080 2096 1151 ἒ
2139 1076 2400 1175 Qare
2424 1075 2505 1152 ὅ(
2543 1069 2980 1152 Carneades
3004 1124 3027 1161 ‚
3078 1073 3169 1172 ὃς
3218 1072 3371 1149 Sce-

1067 1200 1276 1312 psius
1317 1195 1448 1296 (de
1484 1220 1648 1304 quo
1670 1187 1916 1272 modo
1941 1184 2135 1282 dixi)
2154 1182 2706 1282 Metrodorus,
2745 1211 2942 1294 quos
2961 1186 3250 1263 Cicero
3275 1176 3375 1259 di⁴

1053 1319 1178 1398 -cit
1220 1312 1390 1394 usos
1429 1308 1573 1388 hac
1609 1304 2192 1398 exercitatione,
2237 1293 2378 1376 fibi
2419 1297 2753 1378 habeant
2800 1297 2929 1378 sua
2970 1330 2995 1375 .-
3036 1321 3193 1376 nos
3212 1291 3369 1374 fim-

1047 1430 1399 1538 ‚pliciora
1433 1417 1856 1501 tradamus.
1981 1416 2064 1493 Si
2100 1412 2417 1516 longior.
2447 1406 3039 1517 complcstenda
3075 1432 3362 1487 memo·

1063 1544 1190 1623 ria
1223 1537 1461 1621 'fuerit
1507 1525 1765 1616 oratio
1787 1581 1811 1619 ‚
1866 1522 2218 1632 proderit
2255 1548 2401 1627 per
2443 1537 2697 1630 partes
2742 1520 3137 1619 ediscere(
3169 1501 3359 1599 labo·

1041 1668 1202 1736 ‘rat
1249 1651 1466 1732 enim
1501 1645 1844 1725 maxime
1882 1663 2123 1716 onere
2165 1644 2194 1731 )
2236 1640 2315 1715 δε
2353 1636 2472 1715 hae
2514 1656 2787 1743 partes.
2814 1662 2973 1715 non
3018 1631 3171 1712 fint
3194 1657 3351 1738 pera

1071 1765 1386 1870 exiguae
1423 1790 1441 1839 ε
1485 1756 1781 1862 alioqui
1819 1753 2056 1850 nimis
2085 1745 2347 1826 multae
2380 1770 2631 1838 erunt,
2670 1753 2749 1829 &
2789 1774 2962 1828 eam
3013 1744 3365 1850 distingu-

1036 1904 1056 1960 ·,
1089 1898 1226 1958 ent
1257 1895 1487 1978 atque
1523 1862 1959 1958 concident.
1990 1866 2162 1942 Nec
2185 1861 2456 1965 utique
2496 1882 2804 1946 certum
2839 1861 3357 1965 imperaverim

1041 2041 1046 2049 ι
1090 1983 1425 2069 modum
1466 2035 1491 2071 ,
1523 1977 1663 2060 ’sed
1698 1978 2044 2057 maxime
2092 1993 2177 2053 ut
2235 1968 2556 2080 quisque
2593 1971 2899 2054 finietur
2932 1971 3132 2050 locus
3155 2002 3179 2044 .·
3214 1959 3348 2046 nifi

1088 2101 1297 2182 forte
1334 2116 1501 2174 tam
1532 2091 1628 2172 sit
1658 2084 2124 2180 >numer-osus
2156 2138 2181 2177 ‚
2218 2106 2310 2164 ut
2355 2086 2379 2162 i
2385 2083 2513 2193 pse
2535 2111 2857 2195 quoque
2889 2079 3123 2167 dividi
3143 2078 3360 2161 debe-

1087 2234 1189 2295 at.
1228 2272 1236 2274 -
1282 2202 1549 2304 Dandi
1574 2203 1763 2302 sunt
1798 2203 1995 2281 certi
2027 2195 2354 2307 quidam
2396 2201 2761 2286 termini,
2803 2219 2891 2280 ut
2921 2217 3361 2279 contextum

1087 2323 1516 2410 verborum
1547 2312 1818 2425 (quod
1856 2312 1969 2393 est
1999 2309 2444 2409 difficilius)
2482 2316 2887 2414 contineat
2920 2310 3188 2390 crebra
3210 2332 3357 2386 me-

1059 2436 1397 2526 ditatio,
1435 2451 1710 2538 partes
1747 2424 2113 2532 deinceps
2165 2421 2358 2530 ipsas
2403 2428 2773 2531 repetitus
2807 2419 3014 2505 ordo
3064 2424 3358 2520 conjun-

1088 2572 1244 2661 gat.
1318 2552 1513 2645 Non
1547 2540 1660 2624 est
1692 2538 1968 2624 inutile
1988 2593 2011 2624 ‚
2058 2563 2217 2647 quo
2253 2535 2553 2618 facilius
2604 2536 2944 2638 haereant
2996 2592 3020 2629 ,
3101 2533 3369 2643 aliquas

1087 2687 1387 2771 ponere
1428 2676 1672 2747 notas,
1717 2677 2064 2761 quarum
2104 2646 2545 2732 recordatio
2570 2671 3078 2732 commoneat
3105 2654 3185 2730 ὅ(
3203 2672 3369 2755 qua·

1085 2773 1164 2856 fi·
1189 2772 1472 2865 excitet
1508 2768 2005 2865 memoriam.
2091 2767 2372 2842 Nemo.
2408 2764 2654 2844 enim
2686 2763 2851 2845 fere
2889 2784 3053 2843 tam
3081 2759 3355 2846 infelix.

1087 2908 1181 2970 ut
1215 2881 1430 2995 quod
1457 2882 1742 2988 cuique
1783 2876 1965 2959 loco
2010 2873 2320 2982 signum
2371 2872 2893 2967 destinaverit,
2921 2874 3207 2955 nesciat
3236 2902 3257 2951 ε
3290 2892 3371 2949 ut

1089 2998 1158 3083 fi,
1180 3001 1326 3081 erit
1361 2992 1660 3084 tardus,
1689 2987 1789 3073 ad
1853 2988 2006 3070 hoc
2049 3014 2151 3068 eo
2185 3013 2505 3097 quoque
2538 2986 2793 3072 adhuc
2832 2985 3189 3071 remedio
3218 3004 3369 3065 uta·

1033 3146 1036 3149 ²
1090 3136 1244 3207 tur,
1272 3132 1359 3194 ut
1395 3106 1572 3216 ipsae
1608 3105 1955 3186 excitent
1985 3122 2209 3183 notae.
2276 3102 2485 3201 Hinc
2524 3102 2635 3182 est
2672 3130 2772 3184 ex
2833 3101 2967 3182 illa
3021 3120 3191 3180 arte
3226 3121 3379 3177 non

1085 3224 1409 3319 inutile,
1460 3215 1902 3326 appendere
1963 3212 2174 3321 figna
2220 3210 2323 3295 ad
2355 3242 2489 3296 eos
2533 3219 2666 3324 qui
2695 3212 3065 3296 excidunt
3100 3206 3373 3291 sensus:

1086 3337 1510 3429 anchoram
1542 3341 1576 3427 (
1592 3387 1600 3395 ,
1619 3353 1704 3411 ut
1727 3328 1952 3436 supra
2002 3325 2217 3435 posui
2262 3330 2298 3426 )
2342 3325 2400 3407 si
2432 3325 2544 3409 de⁴
2564 3355 2762 3411 nave
2808 3321 3243 3409 dicendum
3285 3318 3379 3401 eil

1079 3450 1239 3540 set,·
1277 3445 1740 3555 spiculum-.,·
1777 3440 1840 3521 si
1866 3439 1962 3520 de
2003 3438 2318 3547 procl-io..
2397 3438 2749 3521 Multum
2780 3443 2994 3522 enim
3026 3434 3253 3545 ligna
3284 3433 3378 3514 fa·

1076 3565 1295 3643 ciunt
1316 3612 1340 3653 ,
1404 3564 1484 3642 δε
1522 3585 1624 3639 ex
1659 3553 1807 3637 alia
1835 3555 2219 3634 memoria
2271 3556 2487 3635 venit
2525 3552 2676 3635 alia
2699 3589 2726 3633 .·
2787 3575 2870 3635 ut
2900 3576 3085 3633 cum
3142 3569 3380 3629 trans

1074 3673 1271 3756 latus
1311 3670 1633 3757 annulus
1653 3668 1799 3767 -vel
1839 3663 2190 3772 alligatus
2244 3688 2755 3747 commoneat
2791 3693 2935 3748 nos
2970 3688 3123 3743 cur
3153 3659 3251 3742 id
3290 3659 3385 3741 fe·

1059 3789 1428 3871 ,cei-imus.
1465 3782 1975 3885 ‚Haec-magis
2015 3777 2269 3860 adhuc
2303 3775 2591 3860 adstrin
2646 3800 2807 3879 unt,
2856 3801 3026 3887 quae
3073 3799 3383 3854 memo-

1060 3903 1264 3985 riam
1300 3899 1396 3978 ab
1429 3895 1696 4004 aliquo
1725 3887 1969 3972 simili
2006 3886 2473 3974 transferunt
2532 3807 2645 3973 aff
2684 3888 2768 3972 id
2828 3883 3044 4000 qus-:d
3133 3887 3384 3968 conti·

1060 4009 1413 4102 nendum
1435 4006 1554 4093 est
1594 4042 1619 4088 .·
1655 4028 1742 4090 ut
1783 4008 1870 4088 in
1904 4001 2352 4105 nominibus
2378 4060 2406 4101 ‚
2464 4001 2525 4091 fi
2563 4003 2828 4105 Fabios
2867 4004 3077 4089 forte
3124 3994 3229 4081 fir
3272 4019 3376 4081 t:-
