3557 5113
635 2886 929 2973 canl.

1229 118 1375 227 M·
1497 99 1872 227 Fun
2004 84 3018 260 QuNc-rrtr'xm

988 377 1217 462 nudae
1271 376 1419 459 illae
1467 398 1665 457 artes
1680 429 1704 464 ,
1765 375 2005 453 nimia
2064 370 2492 453 subtilitatis
2552 368 3032 454 affectatione
3091 367 3316 451 stan-4

989 515 1187 600 gunt
1219 513 1450 599 atque
1481 481 1904 567 concidunt
1938 481 2310 592 quicquid
2353 482 2463 562 est
2519 489 2600 563 in
2657 488 3009 565 oratione
3041 560 3044 563 ,
3060 511 3320 590 gene-

988 602 1272 694 rosius,
1309 608 1391 685 &
1422 624 1750 679 omnem
1803 594 2115 675 succum
2153 597 2444 702 ingenii
2476 596 2795 687 bibunt,
2848 596 2926 676 &
2978 596 3131 678 ossa
3163 594 3319 675 de·-

992 737 1302 821 tegunt:
1357 738 1528 823 quae
1568 731 1654 791 ut
1690 705 1878 796 effe,
1933 712 2012 787 ὅ(
2062 706 2424 813 adstringi
2469 712 2727 790 nervis
2774 707 2917 789 suis
2968 707 3320 797 debent,

986 825 1088 906 fic
1121 852 1451 933 corpore
1492 816 1912 931 operienda
1949 816 2137 898 sunt.
2194 817 2532 926 Ideoque
2555 817 2560 823 ’
2580 848 2720 901 nos
2770 847 2937 902 non
2968 823 3324 928 particu-

990 937 1154 1018 lam
1182 938 1401 1018 illam
1424 993 1448 1026 ,
1479 931 1669 1013 sicut
1713 930 2108 1037 plerique,
2144 928 2273 1010 sed
2305 930 2683 1041 ¹quicquid
2716 932 2902 1014 utile
2950 931 3047 1014 ad
3094 930 3323 1013 insti,

994 1049 1372 1131 tuendum
1413 1066 1812 1126 oratorem
1862 1043 2318 1148 putabamus
2336 1098 2357 1131 ,
2414 1047 2495 1123 in
2541 1044 2685 1123 hos
2736 1043 3160 1125 duodecim
3218 1038 3326 1123 li·-

990 1163 1173 1243 bros
1205 1157 1677 1240 contulimus
1698 1209 1720 1243 ‚
1754 1154 2093 1235 breviter
2129 1154 2394 1234 omnia
2428 1152 3052 1239 demonstrando.
3090 1163 3324 1237 Nam

990 1273 1051 1354 fi
1084 1295 1464 1383 quantum
1517 1266 1613 1346 de
1657 1291 1962 1373 quaque
1996 1292 2078 1344 re
2115 1262 2266 1346 dici
2298 1267 2553 1372 potest
2584 1267 3178 1377 persequamur,
3215 1266 3318 1347 fi-

991 1389 1109 1467 nis
1155 1387 1410 1491 operis
1457 1407 1618 1458 non
1649 1380 2095 1483 reperietur.
2235 1376 2435 1459 Illud
2468 1376 2731 1460 tamen
2765 1384 2847 1460 in
2880 1375 3153 1485 primis
3194 1403 3320 1459 te·-

993 1495 1353 1578 standum
1395 1491 1503 1571 est
1536 1546 1560 1580 ,
1612 1488 1810 1567 nihil
1854 1508 2236 1595 praecepta
2289 1510 2518 1598 atque
2568 1513 2767 1571 artes
2818 1489 3114 1580 valere,
3160 1486 3319 1572 nisi

995 1607 1405 1712 adjuvante
1450 1622 1743 1680 natura.
1856 1604 2353 1705 Qapropter
2404 1604 2482 1680 ei·
2529 1606 2654 1681 cui
2709 1602 2958 1685 deerit
3008 1606 3321 1710 ingeni-

997 1748 1175 1813 um,
1216 1744 1379 1798 non
1408 1715 1653 1820 magis
1686 1710 1847 1790 haec
1903 1712 2179 1817 scripta
2220 1709 2435 1803 sunt,
2499 1740 2737 1822 quam
2788 1712 2884 1796 de
2934 1742 3322 1822 agrorum

997 1831 1214 1913 cultu
1243 1825 1615 1909 sterilibus
1679 1824 1924 1904 terris.
2019 1818 2326 1904 Sunt&
2384 1824 2530 1904 alia
2580 1829 2923 1935 ingenita
2981 1826 3323 1935 quidem

996 1942 1480 2047 adjumenta,
1512 1962 1674 2043 ‘vox
1698 1991 1720 2026 ,
1754 1933 1955 2016 latus
1986 1938 2282 2043 patiens
2317 1933 2639 2027 laboris,
2680 1936 3087 2031 valetudo,
3122 1967 3326 2024 con-

997 2055 1309 2145 stantia,
1364 2050 1659 2130 decor:
1723 2074 1893 2157 quae
1945 2046 2002 2128 fi
2056 2046 2367 2128 modica
2436 2050 2923 2156 obtigerunt,
2999 2045 3322 2158 possunt

1001 2170 1301 2248 ratione
1344 2159 1736 2268 ampliari:
1781 2157 1909 2239 sed
1946 2187 2512 2266 nonnunquam
2554 2165 2661 2242 ita
2692 2158 3012 2263 desunt,
3045 2184 3137 2242 ut
3174 2164 3322 2242 bo-

1003 2305 1102 2358 na
1146 2281 1384 2358 etiam
1425 2273 1715 2380 ingenii
1739 2269 2122 2381 studiique
2179 2296 2723 2380 corrumpant:
2792 2269 2982 2357 ficut
3016 2279 3099 2363 &
3146 2274 3324 2356 haec

996 2387 1161 2498 ipsa
1199 2387 1357 2487 fine
1404 2384 1725 2466 doctore
1772 2387 2068 2491 perit0,
2113 2379 2376 2463 'studio
2427 2384 2849 2493 pertinaci,
2899 2382 3326 2478 scribendi,

999 2498 1311 2611 legendi
1329 2556 1352 2593 ‚
1394 2492 1704 2579 dicendi
1743 2494 1993 2580 multa
2027 2501 2107 2580 δε
2144 2499 2510 2581 continua
2542 2499 3094 2582 exercitatione
3113 2554 3138 2590 ‚
3173 2509 3333 2609 per

1003 2612 1078 2694 se
1119 2611 1318 2696 nihil
1365 2608 1707 2719 prosunt.

1214 2870 1661 2957 IGITUR
1726 2887 1915 2949 nato
1971 2860 2188 2958 filio,
2251 2887 2472 2975 pater
2510 2862 2728 2977 spem
2797 2864 2896 2953 de
2957 2867 3098 2952 illo
3158 2877 3328 2979 pri-⁶

1005 3011 1235 3068 mum
1275 2985 1909 3092 quamoptimam
1947 2982 2237 3089 capiat:
2279 2984 2385 3062 ita
2436 2980 2889 3089 diligentior
2943 3013 2988 3064 a
3030 2987 3327 3091 princi-

1009 3102 1157 3209 piis
1190 3095 1348 3179 fiet.
1413 3093 1615 3175 Falsa
1648 3097 1866 3179 enim
1900 3091 2011 3175 est
2066 3093 2381 3202 querela
2400 3100 2438 3196 ,ἶ
2464 3092 2929 3203 paucissimis
2978 3096 3327 3177 homini-

1009 3215 1152 3300 bus
1190 3214 1357 3295 vim
1396 3205 1876 3317 percipiendi
1911 3233 2105 3318 .quae
2147 3205 2585 3300 tradantur,
2633 3208 2791 3291 esse
2821 3207 3323 3304 «concessam3

1010 3322 1423 3434 plerosque
1460 3349 1651 3406 vero
1692 3321 2046 3402 laborem
2088 3348 2178 3402 ac
2217 3343 2578 3428 tempora
2616 3322 2971 3405 tarditate
3028 3324 3329 3431 ingenii

1014 3433 1361 3560 perdere.
1510 3439 1722 3512 Nam
1784 3453 2056 3558 contra
2118 3431 2381 3537 plures
2434 3438 2773 3540 reperias
2807 3440 2886 3516 δι
2935 3435 3195 3516 faciles
3240 3439 3332 3514 in

1012 3541 1869 3748 {fffiffiizaffirssss
1893 3541 3338 3769 :fflifffiffffivssiffssiafflf’iqffi

1010 3773 1112 3860 ad
1162 3770 1469 3852 eurfixm
1490 3829 1515 3865 ,
1553 3769 1653 3855 ad
1716 3770 2085 3856 saevitiam
2136 3770 2321 3854 ferae
2367 3774 2849 3877 gignuntur3
2919 3778 3027 3855 ita
3098 3776 3343 3857 nobis

1009 3888 1333 4001 propria
1370 3884 1482 3971 est
1519 3888 1808 3998 tatutis
1847 3886 2170 3999 afflatio
2183 3938 2212 3981 ι
2272 3904 2504 3996 atque.
2546 3882 2894 4000 solerti&
2988 3886 3200 3980 unde
3239 3915 3340 3967 0·-

3141 4029 3217 4084 ri
3218 4028 3336 4109 go
