3557 5113
809 278 1033 402 370
1285 245 1922 358 ,MFAnu
2024 239 3186 375 Qumc'rumu'x

1127 567 1352 679 plex,
1389 589 1499 649 ut
1541 586 1669 647 aut
1725 563 2039 648 veniam
2082 561 2254 668 quis
2304 610 2329 649 ‚
2410 579 2541 638 aut
2586 557 3019 658 jactantiam
3060 558 3331 640 minmtz

1119 677 1798 792 quemadmodum
1843 681 1929 756 C.
1968 672 2217 754 Caesar
2266 673 2702 776 Pomponio
2754 669 3165 751 ostendenti
3216 669 3339 752 vul-

1101 822 1268 896 ⁴nus
1334 820 1472 873 ore
1536 811 1953 897 exceptum
2023 789 2107 865 in
2172 781 2550 870 seditione
2607 783 3021 890 Sulpitiana
3084 838 3109 874 ,
3178 778 3341 888 quod

1039 957 1046 962 -
1128 906 1288 1014 ipse
1343 904 1417 984 se
1472 902 1766 1011 passum
1818 919 1969 1007 pro
2044 894 2338 978 Caesare
2392 918 2873 1002 pugnantem
2919 895 3338 1001 gloriabatun

1077 1029 1092 1040 '
1129 1033 1514 1127 Nunquam
1551 1017 1857 1125 fingims
1901 1010 2283 1122 rffexeris
2302 1064 2347 1116 2·
2379 1011 2651 1115 inquit.
2743 1013 2906 1088 Aut
2951 1013 3216 1087 crimen
3243 1005 3336 1086 ob-

1122 1130 1410 1234 jectum
1440 1186 1465 1213 ‚
1530 1151 1615 1222 ut
1658 1127 1940 1208 Cicero
1993 1121 2570 1226 objurgantibus
2612 1118 2829 1227 quod
2893 1117 3341 1225 sexagenarius

1127 1239 1511 1347 Popiliam
1570 1241 1959 1345 virginem
2020 1231 2345 1315 duxiss'et
2382 1266 2403 1328 3
2470 1249 2639 1312 Cras
2714 1234 2978 1312 mulier
3037 1239 3163 1312 erit
3188 1287 3209 1315 ‚
3253 1230 3341 1306 in-

1123 1356 1314 1461 quit.
1379 1356 1561 1433 Hoc
1592 1377 1834 1458 genus
1888 1347 2072 1429 disti
2115 1402 2140 1438 ,
2202 1344 2674 1453 consequens
2732 1364 3015 1431 vocant
3068 1339 3333 1451 quidam,

1123 1487 1359 1572 atque
1397 1464 1515 1544 illi
1556 1461 1804 1543 fimile
1838 1518 1862 1552 ,
1931 1466 2012 1540 ὃ(
2060 1485 2221 1567 quo
2289 1459 2568 1539 Cicero
2629 1459 3054 1538 Curionem
3107 1453 3338 1556 semper
3444 1461 3445 1468 '

1128 1577 1225 1656 ab
1270 1575 1760 1657 exeniatione
1804 1573 2041 1653 aetatis
2104 1573 2605 1675 incipientem
2665 1623 2690 1659 ,
2748 1571 3055 1673 facibus
3095 1563 3342 1678 quotidie
3444 1587 3445 1592 ‘

1106 1695 1529 1800 proemium
1585 1682 1844 1765 habere
1909 1679 2110 1762 dixit
2154 1716 2181 1760 .·
2290 1684 2474 1788 quia
2528 1680 2664 1761 ista
2730 1704 3003 1763 natura
3049 1678 3226 1786 sequi
3280 1679 3337 1755 ὃ(

1126 1801 1516 1881 cohaerere
1580 1795 2009 1880 videantur.
2103 1790 2251 1874 Sed
2309 1792 2663 1875 elevandi
2722 1820 2966 1898 genus
3019 1790 3119 1871 est
3157 1791 3337 1868 etiam

1120 1911 1514 1991 causarum
1567 1908 1842 1990 relatio
1864 1962 1891 1999 ‚
1952 1932 2108 2017 qua
2150 1908 2435 1985 Cicero
2482 1906 2592 1985 est
2638 1905 2809 1986 usus
2860 1911 2946 1986 in
2983 1904 3336 1988 Vatinium»
3444 1911 3445 1914 '

1120 2025 1256 2130 qui
1303 2021 1623 2128 pedibus
1669 2047 1873 2126 aeger
1906 2073 1932 2113 ,
2003 2044 2197 2099 cum
2239 2017 2480 2098 vellet
2541 2017 2792 2101 videri
2849 2011 3331 2100 commodioris

1119 2131 1576 2218 valetudinis
1628 2134 1914 2225 fastus,
1972 2135 2054 2212 ὃ(
2097 2127 2394 2212 diceret
2430 2129 2507 2210 se
2554 2134 2715 2233 jam
2757 2132 2939 2212 bina
2975 2129 3193 2210 millia
3222 2117 3327 2230 pas·

1120 2244 1344 2328 suum
1367 2317 1376 2318 f
1398 2243 1790 2325 ambulare
1829 2276 1851 2340 ;
1886 2271 1893 2276 ·
1929 2251 2111 2324 Dies
2149 2249 2340 2324 enim
2371 2299 2397 2328 ‚
2433 2247 2681 2351 inquit
2723 2298 2747 2332 ‚
2831 2247 3163 2355 longiores
3185 2240 3335 2346 sunt.

1122 2363 1218 2438 Et
1268 2356 1655 2463 Augustus
1705 2356 2241 2438 nunciantibus
2305 2355 2999 2438 Tarraconenfibus
3066 2355 3337 2461 palmam

1119 2471 1206 2548 in
1245 2496 1375 2549 ara
1423 2473 1587 2573 ejus
1643 2490 1952 2549 enatam
1988 2501 2009 2565 ;
2062 2480 2407 2578 Apparet,
2447 2472 2709 2577 inquit
2752 2523 2778 2561 ,
2841 2497 3057 2581 quam
3075 2466 3226 2578 stipe
3253 2486 3337 2540 a·

1117 2582 1442 2663 tendatis.
1532 2581 1954 2662 Transtulit
2016 2584 2317 2660 crimen
2377 2577 2668 2662 Caffius
2728 2587 3067 2664 Sevems.
3181 2581 3337 2655 Nam

1119 2720 1303 2774 cum
1362 2694 1901 2799 objurgaretur
1941 2721 1985 2773 a
2009 2713 2341 2796 praetore
2374 2748 2398 2775 ‚
2454 2691 2671 2800 quod
2712 2691 3068 2776 advocati
3110 2683 3337 2790 ejusL·

1117 2810 1335 2888 Varo
1385 2809 1769 2911 Epicureo
1822 2803 2128 2886 caesaris
2193 2806 2452 2885 amico
2508 2806 2942 2890 convitium
3018 2800 3338 2884 feciss'enn

1040 2964 1054 2973 -
1117 2920 1358 3022 Nesc'io
1381 2972 1404 3008 ‚
1467 2920 1718 3023 inquit
1742 2972 1766 3006 ,
1815 2926 1948 3026 qui
1988 2922 2373 2996 con-vitiati
2399 2916 2555 3024 fint
2586 2950 2607 3012 3
2663 2914 2754 3009 ἀ
2776 2941 2965 3029 puto
3004 2909 3337 3017 διῄει-νβ·

1115 3029 1247 3138 iffe.
1338 3026 1947 3135 Repercutiendi
1997 3027 2247 3115 multa
2300 3026 2473 3107 sunt
2526 3054 2810 3133 genera
2875 3062 2895 3108 2
2984 3014 3333 3112 venustissi·

1115 3168 1343 3223 mum
1379 3196 1404 3233 ,
1462 3139 1680 3250 quod
1719 3144 1957 3220 etiam
2014 3136 2513 3222 fimilitudine
2566 3140 2817 3248 aliqua
2842 3142 3062 3225 verbi
3099 3136 3333 3236 adim<

1115 3276 1245 3335 tur
1297 3284 1342 3333 ε·
1380 3275 1466 3334 ut
1531 3252 1951 3333 Trachalus
2010 3250 2298 3333 dicenti
2353 3250 2638 3334 Suellio
2679 3285 2705 3347 ς
2752 3262 2830 3335 Si
2865 3253 2993 3334 hoc
3035 3260 3143 3333 it‘ae
3168 3248 3275 3353 est,
3302 3246 3344 3321 ft

1118 3374 1202 3445 in
1236 3369 1544 3447 exilium
1575 3401 1600 3443 .·
1638 3366 1719 3472 st
1748 3395 1889 3447 non
1923 3366 2019 3471 ss
2048 3374 2160 3446 ita
2180 3422 2203 3456 ,
2238 3365 2478 3455 redis,
2512 3368 2782 3473 inquit.
2847 3362 3075 3446 Elufit
3106 3355 3342 3441 caffius

1111 3481 1433 3557 Severus
1487 3478 1899 3579 objiciente
1951 3476 2293 3585 quodam
2345 3478 2562 3585 quod
2619 3480 2691 3557 ei
2759 3477 3007 3559 domo
3045 3473 3168 3554 sua
3200 3475 3345 3550 Pro-

1112 3587 1400 3688 culeius
1443 3587 1947 3670 interdixisset
1978 3646 2001 3680 ,
2054 3588 2594 3694 respondendo
2638 3622 2659 3684 ;
2740 3604 2935 3673 Num
2980 3586 3115 3671 nid
3134 3613 3245 3696 ego
3281 3578 3346 3658 il-

1114 3704 1231 3781 luc
1279 3702 1524 3782 accedo
1567 3701 1596 3780 ’ἒ
1663 3703 1783 3780 Sic
1850 3699 2185 3781 eluditur
2247 3705 2326 3780 ὅ(
2370 3703 2803 3784 ridiculum
2848 3620 3175 3784 ridiculo
3218 3728 3235 3774 ε
3285 3710 3349 3770 ut

1114 3811 1332 3893 divus
1365 3812 1750 3918 Augustus
1789 3870 1812 3904 ,
1876 3840 2054 3892 cum
2099 3816 2174 3893 ei
2230 3813 2436 3892 Galli
2474 3839 2835 3926 torquem
2863 3839 3180 3896 aureum
3204 3830 3350 3888 cen·

1119 3947 1287 4005 tum
1326 3922 1598 4029 pondo
1645 3922 2017 4005 dedissent
2050 3982 2075 4016 ,
2139 3931 2218 4007 &
2256 3927 2673 4010 Dolabella¹
2707 3957 2842 4035 per
2890 3933 3187 4032 jocum,
3222 3941 3350 4013 ten·

1117 4058 1297 4148 tam,
1326 4056 1598 4147 *tamen
1637 4041 1795 4146 joci
1846 4034 1957 4120 sui
2016 4060 2383 4125 eventum
2426 4096 2452 4136 ,
2540 4040 2837 4125 dixiss'et
2878 4074 2909 4143 3
2962 4058 3346 4154 Jmpmm.

2191 4209 2194 4213 .
3144 4163 3342 4258 mque

737 621 952 722 {Can
979 617 1096 697 111.
