3557 5113
295 294 527 455 De
552 228 994 492 Ihstz‘t.
1051 292 1762 464 Οναίθνίιῑ,
1798 288 2096 523 Lib:
2127 293 2331 487 V.
2580 309 2757 493 319

187 624 479 703 vitatum·
521 619 840 702 ‘accuset
872 677 894 712 ,
981 648 1145 703 non
1198 624 1548 728 Appium
1592 653 1610 702 :
1722 624 2142 705 manifestis
2225 654 2447 732 repu-
2477 660 2543 736 ς
2550 653 2865 735 „211st

188 758 444 841 gnent:
539 733 800 814 dicant
889 732 1105 843 quod
1162 735 1383 816 aliter
1437 737 1680 841 accipi
1732 735 2004 843 possit:
2062 737 2447 818 summam

185 847 575 954 quaestionis
613 875 777 927 non
812 850 1287 929 intueantur:
1354 875 1516 928 non
1566 847 1663 927 ad
1696 848 2448 958 proposita-respon-

183 957 396 1039 deant.
459 959 676 1067 quod
712 988 956 1041 unum
992 958 1401 1069 aliquando
1441 964 1680 1066 recipi
1711 962 2002 1066 potest,
2065 987 2244 1042 curn
2288 984 2450 1043 rna-

182 1071 244 1148 la
294 1073 488 1153 eausa
524 1072 879 1155 adhibitis
920 1073 1382 1154 extrinsecus
1434 1072 1798 1153 remediis
1859 1073 2138 1166 tuenda
2176 1075 2321 1169 est3
2364 1100 2449 1156 ut

187 1210 333 1262 cum
369 1186 758 1292 peculatus
804 1213 974 1266 reus
1025 1192 1350 1271 Verres,
1406 1186 1710 1265 fortiter
1752 1190 1828 1264 &
1879 1185 2238 1265 industrie
2301 1191 2450 1266 tui-

187 1316 283 1374 tus
317 1319 578 1377 contra
618 1301 897 1403 piratas
936 1300 1275 1378 Siciliam
1329 1297 1632 1379 dicitur.
1750 1294 2040 1376 Eadem
2089 1296 2440 1379 adversus

178 1409 781 1490 contradistiones
852 1411 1074 1491 nobis
1127 1408 1509 1518 oppofitas
1565 1432 1944 1516 praecepta
1992 1407 2201 1488 sunt:
2295 1410 2449 1489 hoc

181 1541 403 1601 tamen
455 1521 782 1627 amplius
819 1579 841 1614 ‚
903 1522 1115 1631 quod
1170 1526 1371 1603 circa
1426 1547 1561 1602 eas·
1600 1522 1835 1600 multi
1888 1519 2187 1600 duobus
2241 1525 2449 1601 vitiis

176 1629 451 1713 diverfis
511 1635 879 1714 laborant.
972 1641 1183 1714 Nam
1244 1634 1562 1743 quidam
1605 1636 1843 1712 etiam
1897 1636 1979 1711 in
2037 1633 2214 1713 foro
2282 1654 2448 1711 tan-

177 1770 374 1849 quam
425 1775 592 1826 rem
640 1747 1048 1827 molestam
1106 1754 1184 1828 &
1219 1747 1568 1827 odiosam
1615 1767 2082 1852 praetereunt
2108 1802 2129 1829 ,
2225 1748 2303 1825 ὅ(
2356 1747 2448 1824 iis

172 1856 596 1969 plerumque
636 1887 808 1967 quae
848 1858 1274 1967 composita
1316 1859 1563 1940 domo
1613 1858 2077 1946 attulerunt,
2130 1877 2447 1935 conten·
2504 1928 2523 1943 „

169 1972 250 2057 ti,
318 1970 467 2051 fine
521 1970 957 2052 adversario
1015 1970 1320 2052 dicunt:
1412 1978 1491 2053 &
1545 1970 1830 2050 scilicet
1893 1968 2150 2048 multo
2193 1972 2439 2073 magis

168 2082 232 2158 in
283 2081 528 2174 scolis,
593 2087 675 2163 in
716 2086 988 2192 quibus
1044 2112 1204 2163 non
1242 2082 1496 2163 solum
1523 2081 2166 2163 contradissiones
2201 2082 2437 2159 omit-

165 2213 434 2281 tuntur,
467 2206 748 2277 'verum
788 2202 1022 2276 etiam
1063 2198 1406 2275 materia:
1443 2194 1616 2300 ipsae
1658 2192 1756 2272 fic
1790 2194 2250 2299 plerumque
2284 2190 2430 2269 fin-

164 2330 461 2409 guntur,
523 2330 610 2388 ut
658 2309 852 2387 nihil
900 2307 1049 2389 diei
1123 2335 1268 2412 pro
1329 2329 1544 2413 parte
1617 2305 1853 2385 altera
1910 2302 2162 2419 possit.
2273 2301 2439 2381 Alii

166 2416 532 2525 diligentia
573 2418 801 2526 lapfi‚
850 2422 1100 2501 verbis
1146 2422 1428 2508 etiam,
1488 2419 1615 2505 vel
1666 2416 2137 2496 lententiolis
2182 2417 2440 2495 omni-

165 2528 282 2610 bus
317 2531 936 2640 respondendum
977 2554 1290 2639 putant:
1359 2531 1573 2639 quod
1616 2529 1724 2609 est
1758 2535 1837 2611 &
1863 2528 2302 2614 infinitum,
2359 2532 2457 2609 &-

165 2640 706 2746 supervacuum.
763 2673 924 2725 non
984 2648 1197 2724 enim
1278 2642 1494 2724 causa
1586 2641 2232 2749 reprehenditur,
2303 2637 2438 2720 sed

168 2757 380 2838 astos:
439 2785 681 2866 quem
723 2785 873 2863 ego
927 2757 1230 2862 semper
1259 2754 1509 2836 videri
1556 2756 1829 2833 malim
1879 2752 1979 2833 fic
2036 2753 2434 2836 disertum,

168 2889 237 2943 ut
283 2867 336 2946 si
384 2868 671 2948 dixerit
785 2868 944 2949 uod
995 2873 1105 2947 rei
1166 2867 1445 2974 profit,
1511 2869 1800 2972 ingenii
1854 2865 2211 2946 credatur
2267 2863 2434 2972 laus

167 2977 541 3096 esse,9non
582 2897 866 3061 causae:
963 2978 1018 3060 fi
1076 2978 1277 3084 forte
1336 2978 1549 3088 quod
1596 2975 1864 3071 laedat3
1932 2977 2216 3066 causae,
2266 3002 2432 3054 non

164 3092 429 3196 ingenii
458 3092 696 3199 culpa.
786 3096 1048 3197 ltaque
1086 3092 1238 3172 illae
1287 3087 1954 3197 reprehensiones,
2005 3112 2132 3169 aut
2164 3087 2433 3168 obscu-

172 3203 434 3294 ritati5‚
477 3206 717 3313 qualis
775 3207 855 3283 in
907 3203 1280 3284 Rullum:
1375 3224 1502 3281 aut
1547 3199 1887 3280 infantia:
1937 3203 2019 3279 in
2067 3197 2428 3281 dicendo,

169 3315 387 3416 qualis
423 3319 497 3396 in
540 3316 941 3397 Pisonem:
1005 3338 1141 3395 aut
1188 3313 1493 3394 inscitiae
1538 3340 1800 3391 rerum
1849 3313 2428 3418 verborumque

160 3428 227 3502 δ(
269 3428 673 3508 insulsitatis
712 3431 991 3517 etiam,
1046 3427 1292 3536 qualis
1338 3430 1415 3505 in
1454 3427 1891 3504 Antonium
1937 3424 2045 3505 est
2074 3451 2430 3516 ‚accom-

161 3537 540 3622 modantur
595 3540 801 3643 justis
857 3539 1106 3634 odiis;
1177 3539 1498 3647 suntque
1555 3537 1781 3618 utiles
1851 3537 1947 3618 ad
2010 3535 2428 3617 concilian-

164 3644 334 3727 dum
367 3656 455 3734 iis
509 3681 707 3762 quos
767 3653 1047 3735 invisos
1093 3652 1340 3732 facere
1397 3651 1733 3732 volueris
1765 3706 1788 3741 ,
1854 3650 2150 3731 odium.
2245 3649 2428 3729 Alia

165 3759 630 3867 respondendi
665 3768 1009 3872 patronis
1063 3767 1291 3845 ratio‘:
1394 3771 1472 3845 ὅ(
1521 3764 1934 3871 aliquando
1980 3787 2243 3843 tamen
2296 3789 2429 3841 eo·-

151 3900 302 3954 rum
336 3905 490 3959 non
545 3881 803 3958 oratio
848 3875 1135 3967 modo,
1195 3877 1321 3959 sed
1360 3881 1515 3958 vita
1557 3900 1793 3957 etiam
1831 3889 1853 3968 3
1907 3879 2168 3959 vultus
2216 3872 2429 3955 deni-

144 4013 272 4093 que
305 4047 327 4080 ,
392 3989 766 4081 ince'ss'uS,
853 3990 1149 4071 habitus
1210 3991 1409 4071 reste
1466 3989 1786 4070 incusari
1840 3989 2079 4069 solet:
2173 4007 2258 4067 ut
2304 3984 2430 4065 ad-

141 4102 366 4186 versus
410 4105 837 4206 Quintium
871 4106 1147 4185 Cicero
1168 4159 1195 4196 ‚
1252 4130 1417 4183 non
1445 4103 1607 4182 haec
1650 4102 1902 4183 solum
1925 4158 1949 4194 ‚
2008 4100 2136 4180 sed
2184 4094 2431 4220 ipsam

327 4235 356 4257 ·
2188 4229 2430 4288 etiam
