3557 5113
661 2877 954 2963 canl.

1257 108 1403 217 M:
1525 90 1900 217 mm
2032 76 3074 251 ch-rm'xm‘

1016 367 1245 452 nudae
1298 366 1447 449 illae
1495 387 1693 447 artes
1709 420 1733 455 ,
1793 366 2034 445 nimia
2094 361 2520 445 subtilitatis
2580 361 3061 447 affectatione
3121 361 3351 444 frati--⁴

1016 505 1215 590 gunt
1249 503 1478 590 atque
1510 472 1932 558 concidunt
1966 472 2339 583 quicquid
2382 474 2492 554 est
2548 480 2628 555 in
2686 470 3039 557 oratione
3071 552 3075 557 .
3089 504 3358 583 gene-

1016 592 1300 684 rosim,
1337 599 1419 676 &
1450 615 1778 670 omnem
1831 586 2143 666 succum
2181 589 2473 694 ingenii
2505 588 2825 680 bibunt,
2878 589 2956 669 &
3006 589 3162 670 ossa
3194 587 3356 668 de·-

1019 727 1330 812 tegunt:
1384 730 1555 814 quae
1594 722 1682 782 ut
1717 696 1906 787 effe,
1961 703 2040 778 ὅ(
2090 697 2454 805 adstringi
2498 704 2756 782 nervis
2805 701 2946 782 suis
2997 700 3298 783 debent
3323 757 3356 791 ‚

1016 814 1116 896 fic
1149 843 1479 924 corpore
1520 807 1940 921 operienda
1975 807 2165 890 sunt.
2222 809 2561 918 Ideoque
2585 810 2749 894 'nos
2798 841 2966 894 non
2997 816 3360 922 particu-

1018 928 1181 1008 lam
1209 928 1428 1008 illam
1452 984 1476 1017 ,
1507 922 1697 1004 sicut
1741 922 2135 1028 plerique,
2172 920 2300 1004 sed
2338 923 2711 1033 quicquid
2744 925 2931 1037 utile
2979 924 3075 1007 ad
3121 924 3362 1005 insti..

1021 1039 1400 1121 tuendum
1441 1057 1840 1117 oratorem
1890 1035 2345 1139 putabamus
2363 1090 2385 1123 ‚
2441 1039 2523 1115 in
2569 1037 2713 1117 hos
2766 1036 3188 1118 duodecim
3239 1032 3364 1115 li-

1017 1154 1201 1234 bros
1233 1148 1705 1232 contulimus
1726 1200 1748 1234 ‚
1783 1145 2121 1227 breviter
2153 1147 2422 1237 *omnia
2456 1145 3079 1230 demonstrando,
3118 1156 3359 1230 Nam

1017 1262 1079 1344 sl
1112 1285 1492 1373 quantum
1546 1255 1641 1337 de
1685 1282 1989 1364 quaque
2024 1285 2104 1336 re
2142 1254 2294 1338 dici
2325 1254 2580 1365 potest
2611 1260 3205 1370 persequamur,
3238 1256 3355 1340 54

1018 1379 1136 1457 nis
1182 1378 1437 1482 operis
1484 1398 1645 1449 non
1677 1371 2122 1474 reperietur.
2263 1368 2462 1451 Illud
2494 1368 2758 1452 tamen
2792 1377 2874 1453 in
2907 1368 3180 1478 primis
3217 1397 3355 1452 te·-

1019 1486 1380 1568 standum
1422 1482 1531 1562 est
1562 1537 1586 1570 ‚
1639 1479 1835 1558 nihil
1881 1500 2264 1586 praecepta
2317 1502 2545 1590 atque
2595 1506 2794 1564 artes
2845 1482 3141 1573 valere,
3185 1479 3354 1564 nifi

1021 1597 1432 1702 adjuvante
1477 1613 1770 1671 natura.
1883 1596 2380 1697 Qapropter
2431 1596 2512 1672 ei·
2556 1598 2681 1675 cui
2736 1595 2985 1677 deerit
3035 1599 3355 1702 ingeni-

1023 1738 1202 1803 um,
1242 1735 1406 1789 non
1437 1706 1681 1811 magis
1713 1702 1875 1780 haec
1931 1704 2206 1809 scripta
2248 1701 2462 1795 sunt,
2527 1733 2764 1814 quam
2815 1705 2911 1789 de
2961 1735 3356 1815 agrorum

1024 1821 1241 1909 cultu
1270 1816 1642 1900 sterilibus
1707 1815 1952 1895 terris.
2047 1822 2237 1913 Sunt
2267 1810 2380 1896 ’δι’
2412 1816 2558 1895 alia
2607 1821 2949 1927 ingenita
3007 1818 3357 1927 quidem

1023 1926 1507 2037 adjumenta,
1544 1953 1701 2035 vox
1725 1982 1747 2017 ‚
1781 1924 1982 2007 latus
2013 1929 2309 2034 patiens
2344 1927 2667 2020 laboris,
2706 1929 3114 2023 valetudo,
3150 1959 3360 2027 con-

1024 2045 1337 2134 stantia,
1391 2041 1679 2121 decor:
1749 2066 1920 2147 quae
1972 2038 2029 2119 fi
2083 2038 2394 2120 modica
2463 2042 2948 2148 obtigerunt,
3025 2038 3355 2150 possunt

1028 2160 1328 2239 ratione
1371 2149 1763 2260 ampliari:
1807 2148 1936 2231 sed
1973 2179 2539 2259 nonnunquam
2580 2158 2686 2234 ita
2718 2151 2994 2257 desunt
3012 2211 3037 2246 ‚
3071 2177 3165 2234 ut
3201 2156 3354 2236 bo-

1030 2296 1129 2349 na
1173 2271 1411 2349 etiam
1451 2264 1742 2371 ingenii
1766 2261 2149 2371 studiique
2204 2288 2750 2375 corrumpant:
2818 2262 3007 2357 ficut
3041 2272 3124 2348 ὅ(
3173 2268 3356 2351 haec

1022 2378 1188 2488 *ipsa
1226 2377 1383 2459 sine
1431 2374 1752 2458 doctore
1799 2378 2094 2483 perit0,
2139 2372 2404 2456 'studio
2454 2376 2876 2486 pertinaci,
2925 2376 3359 2474 scribendi,

1025 2490 1378 2602 legendi,
1419 2484 1730 2571 dicendi
1769 2486 2020 2572 multa
2054 2493 2134 2572 &
2170 2493 2537 2574 continua
2570 2492 3119 2575 exercitatione
3139 2549 3165 2585 ,
3199 2506 3363 2603 per

1028 2604 1104 2685 se
1145 2602 1344 2687 nihil
1391 2600 1734 2711 prosunt.
2715 2601 2720 2610 ’

1240 2862 1687 2948 IGITUR
1752 2880 1941 2941 nato
1997 2825 2213 2951 filio,
2277 2880 2498 2968 pater
2536 2855 2754 2970 spem
2823 2857 2922 2946 de
2982 2859 3122 2945 illo
3184 2871 3357 2973 pri-

1031 3002 1261 3059 mum
1301 2976 1935 3083 quamoptimam
1973 2976 2263 3082 capiat:
2305 2977 2411 3055 ita
2462 2972 2915 3081 diligentior
2969 3006 3013 3056 a
3054 2981 3356 3084 princi-

1034 3092 1183 3199 piis
1216 3086 1374 3170 fiet.
1439 3085 1641 3167 Falsa
1674 3088 1891 3172 enim
1926 3083 2036 3167 est
2091 3085 2406 3194 querela
2425 3092 2464 3189 ,ἶ
2490 3085 2955 3195 paucissimis
3003 3090 3355 3170 homini-

1014 3206 1177 3288 bus
1215 3205 1382 3286 vim
1421 3197 1901 3308 percipiendi
1937 3225 2129 3310 quae
2172 3197 2610 3292 tradantur,
2659 3201 2816 3283 effe
2857 3199 3349 3297 ‹concessam3

1036 3313 1448 3423 plerosque
1485 3340 1676 3397 vero
1716 3313 2070 3394 laborem
2112 3340 2202 3394 ac
2241 3335 2602 3420 tempora
2641 3314 2996 3398 tarditate
3052 3319 3356 3423 ingenit

1023 3424 1387 3535 perdere.
1535 3430 1747 3503 Nam
1809 3445 2081 3506 contra
2142 3424 2406 3530 plures
2459 3431 2798 3533 reperias
2832 3433 2911 3509 δι
2960 3428 3222 3510 faciles
3269 3433 3358 3509 in

1039 3533 1601 3646 excogitando,
1657 3538 1737 3617 δι
1793 3532 1892 3615 ad
1932 3533 2385 3632 discendum
2447 3563 2852 3646 promtos3
2913 3544 3205 3650 quippe
3272 3540 3362 3621 id

1037 3651 1152 3738 est
1189 3652 1498 3734 homini
1547 3647 1935 3734 naturale:
2001 3675 2088 3729 ac
2136 3648 2326 3732 ficut
2367 3678 2549 3734 aves.
2572 3651 3078 3737 <aduentum
3097 3709 3121 3747 ‚
3160 3661 3361 3763 equi

1030 3763 1136 3849 ad
1188 3761 1494 3843 eurfixm
1513 3820 1539 3858 ‚
1577 3760 1677 3846 ad
1740 3762 2110 3848 saevitiam
2161 3763 2346 3848 ferae
2391 3768 2874 3872 gignuntur3
2943 3771 3050 3848 ita
3121 3770 3367 3850 nobis

1031 3878 1357 3991 propria
1395 3875 1506 3962 est
1544 3880 1832 3991 mentis
1871 3880 2195 3991 afflatio
2208 3932 2237 3975 ³
2297 3899 2529 3990 atque.
2570 3877 2920 3995 solertia?
3011 3878 3223 3972 unde
3265 3909 3365 3961 οι

3163 4022 3240 4076 ri
3241 4020 3359 4102 go
