3557 5113
283 268 514 431 De
549 252 992 466 Instit.
1048 254 1757 430 Oratoria,
1792 250 2091 412 Lib.
2118 253 2300 411 X.
2538 287 2769 401 599

163 603 330 661 rum.
490 582 766 684 Atque*
790 572 922 654 ille
960 569 1281 681 quidem
1342 567 1703 657 omnibus
1763 567 2100 675 ejusdem
2158 573 2418 687 operis
2502 571 2786 660 cin-t

162 688 555 773 auCtoribus
579 714 869 767 nornen
907 684 1236 772 abstulit,
1262 692 1341 768 &
1384 687 1690 794 fulgore
1730 688 2071 797 quodam
2109 687 2253 773 suae
2271 692 2426 772 cla-

164 806 374 884 ritatis
417 800 765 879 tenebras
808 796 1157 878 obduxit.
1267 800 1572 883 Habent
1611 823 1875 881 tamen
1919 800 2045 880 alii
2109 829 2429 912 quoque

169 916 482 1001 Comici,
531 909 584 990 fi
620 937 801 990 cum
846 913 1069 991 venia
1127 909 1478 1016 legantur
1519 969 1543 1003 ‚
1590 912 1946 1021 quaedam
1986 938 2159 1020 quae
2196 914 2427 1021 poffis

164 1026 584 1131 decerpere:
626 1028 704 1101 ὅ(
739 1024 1117 1126 praecipue
1157 1022 1561 1104 Philemon
1624 1081 1645 1108 ,
1728 1028 1865 1133 qui
1903 1046 1987 1103 ut
2022 1030 2274 1130 pravis
2310 1026 2419 1107 sui

167 1144 508 1245 temporis
544 1132 842 1236 judiciis
885 1131 1316 1214 Menandro
1345 1133 1536 1241 saepe
1587 1139 1941 1240 praelatus
1962 1138 2096 1227 est,
2119 1142 2223 1218 ita
2245 1166 2424 1219 con·-

166 1249 350 1331 sensu
390 1250 746 1328 omnium
784 1247 1067 1323 meruit
1100 1244 1311 1325 credi
1352 1246 1739 1328 secundus.
1781 1247 2202 1328 Historiam
2231 1250 2423 1329 mul·-

168 1368 217 1441 ti
250 1358 589 1466 scripsere
640 1354 1003 1462 praeclare
1051 1403 1086 1444 ,ι
1133 1354 1261 1436 sed
1309 1375 1548 1438 nemo
1603 1357 1902 1440 dubitat
1943 1354 2135 1438 duos
2189 1359 2425 1468 longe

167 1476 425 1554 caeteris
460 1465 975 1576 praeferendos
1008 1520 1030 1553 ,
1088 1493 1428 1575 quorum
1489 1469 1781 1551 diversa
1823 1472 2061 1548 virtus
2110 1470 2429 1553 laudem

165 1611 340 1692 pene
370 1582 478 1662 est
511 1607 777 1686 parem
806 1575 1231 1658 consecuta.
1319 1582 1640 1672 Densus,
1680 1587 1756 1661 &
1795 1581 2085 1670 brevis,
2124 1589 2201 1662 &
2241 1583 2427 1664 sem-

166 1723 290 1802 per
326 1694 605 1773 instans
627 1689 764 1770 fibi
803 1688 1299 1795 Thucydides
1340 1723 1358 1770 ε
1394 1691 1635 1774 dulcis
1679 1748 1700 1777 ,
1755 1698 1835 1773 &
1882 1690 2249 1775 candidus
2275 1750 2296 1783 ,
2343 1701 2425 1777 &

166 1807 344 1888 fusus
381 1801 865 1886 Herodotus:
910 1799 1037 1880 ille
1085 1807 1480 1885 concitatis
1529 1863 1549 1896 ‚
1605 1807 1731 1884 hic
1783 1803 2102 1884 remiffis
2137 1804 2425 1886 affeffiae

168 1919 289 2000 bus
336 1917 661 1998 melior.-
708 1914 838 1993 ille
878 1916 1425 2002 concionibus,
1461 1918 1587 1999 hic
1618 1916 2136 1997 sermonibus:
2168 1918 2300 1998 ille
2320 1922 2422 2004 vi,

167 2030 281 2109 hic
313 2032 723 2136 voluptate.
826 2026 1390 2132 Theopompus
1424 2030 1538 2108 his
1597 2032 2018 2134 proximus,
2062 2051 2146 2108 ut
2183 2033 2263 2108 in
2293 2031 2410 2110 hi·-

165 2141 375 2223 storia
413 2140 788 2248 praediffis
827 2143 1110 2220 minor,
1159 2141 1262 2216 ita
1299 2145 1594 2219 oratori
1650 2149 1893 2244 magis
1945 2140 2204 2221 similis
2278 2163 2429 2223 :ut

169 2259 287 2361 qui
315 2279 726 2361 antequam
765 2247 861 2330 ad
898 2249 1053 2327 hoc
1093 2276 1286 2354 opus
1332 2250 1780 2335 solicitatus,
1828 2249 1959 2330 diu
1987 2252 2221 2332 fuerit
2261 2275 2428 2337 oral-

168 2387 298 2446 tor.
357 2364 705 2446 Philistus
737 2386 1049 2469 quoque
1087 2384 1459 2451 meretur,
1496 2366 1631 2470 qui
1662 2363 1900 2441 turbae
1921 2368 2268 2471 quamvis
2289 2365 2428 2445 bo-

168 2503 431 2560 norum
464 2477 642 2584 post
676 2474 818 2553 hos
855 2473 1255 2553 auctorum
1298 2480 1718 2558 eximatur,
1757 2477 2107 2554 imitator
2128 2478 2436 2585 Thuey0‘

169 2589 391 2672 didis:
425 2598 503 2673 ὅτ
543 2612 627 2669 ut
660 2585 920 2678 multo
953 2583 1342 2666 infirmior
1371 2643 1393 2676 ‚
1439 2590 1542 2666 ita
1578 2586 2048 2694 aliquatenus
2089 2587 2437 2670 lucidior.

165 2704 534 2809 Ephorus,
582 2723 665 2781 ut
698 2697 1003 2778 Isocrati
1041 2694 1313 2789 visum,
1351 2700 1764 2780 calcaribus
1811 2723 2007 2806 eget.
2072 2700 2439 2781 Clitarchi

173 2816 526 2919 probatur
555 2813 981 2918 ingenium,
1003 2806 1194 2888 fides
1226 2810 1657 2893 infamatur.
1751 2815 2039 2919 Longo
2059 2813 2232 2918 post
2249 2837 2447 2893 tem-

169 2931 369 3030 poris
403 2921 819 3008 intervallo
852 2943 1072 3001 natus
1109 2923 1594 3029 Timagenes,
1618 2923 1743 3005 vel
1768 2926 1920 3005 hoc
1942 2924 2051 3003 est
2091 2925 2253 3030 ipso
2269 2953 2452 3031 pro-

172 3036 456 3131 babilis,
499 3032 719 3147 quod
752 3030 1258 3115 intermissam
1301 3034 1647 3115 historias
1678 3033 2052 3117 scribendi
2095 3036 2449 3115 industri-

167 3176 290 3231 am
317 3178 525 3233 nova
570 3144 794 3229 laude
818 3147 1220 3250 reparavit.
1265 3147 1718 3251 Xenophon
1743 3174 1906 3227 non
1921 3144 2208 3226 excidit
2229 3149 2459 3237 mihi,

170 3259 291 3344 scd
322 3266 532 3343 inter
571 3256 1078 3367 philosophos
1109 3255 1219 3335 est
1269 3256 1725 3339 reddendus.
1814 3261 2174 3365 Sequitur
2215 3282 2466 3339 orato-

171 3400 342 3456 rum
399 3379 674 3480 ingens
746 3396 1055 3459 manus,
1119 3395 1301 3448 cum
1342 3366 1614 3450 decem
1659 3371 1885 3451 simul
1917 3371 2244 3451 Athenis
2285 3394 2469 3452 aetas

172 3511 322 3565 una
357 3487 627 3567 tulerit
664 3520 688 3563 .-
778 3509 1118 3591 quorum
1176 3479 1410 3586 longe
1461 3487 1815 3590 princeps
1876 3482 2465 3578 DemostheneS,

171 3620 490 3703 tic-pene
523 3600 653 3679 lex
696 3593 969 3675 orandi
1019 3594 1180 3671 fuit.
1224 3596 1469 3675 Tanta
1508 3598 1620 3675 vis
1658 3600 1740 3675 in
1783 3622 1879 3676 eo
1908 3652 1930 3682 ,
2015 3616 2171 3675 tam
2232 3595 2461 3678 densa

173 3706 474 3795 omnia,
498 3713 609 3793 ita
637 3704 1087 3817 quibusdam
1120 3711 1374 3788 nervis
1420 3712 1712 3789 intenta
1749 3711 1919 3788 sunt
1997 3764 2020 3799 ,
2072 3729 2233 3788 tam
2270 3711 2469 3789 nihil

155 3819 550 3931 ociosum,
599 3826 659 3904 is
699 3817 1008 3900 dicendi
1042 3817 1323 3898 modus
1368 3877 1392 3911 ‚
1449 3844 1534 3902 ut
1565 3848 1709 3902 nec
1748 3822 1960 3930 quod
1992 3819 2181 3902 defit
2216 3825 2313 3900 in.
2344 3849 2466 3910 eo,

166 3942 313 4015 n'ee
341 3932 567 4041 quOd
604 3929 981 4013 redundet
1016 3932 1377 4011 invenias.
1466 3929 1773 4014 Plenior
1804 3935 2470 4017 AEsehines&ma-
2549 3914 2559 3944 ¹

164 4048 279 4158 gii}
318 4045 577 4156 ΜΨ,
620 4050 701 4135 δί
736 4040 1155 4262 grandioriE
1169 4040 1460 4238 ἕιὲῑέὓὶὸ,
1492 4073 1657 4157 quo
1691 4051 1947 4161 minu-5»
1976 4045 2276 4130 stristus
2312 4041 2465 4122 est:
2498 4066 2502 4071 ·

1325 4178 1394 4269 ,Ξ
2310 4179 2473 4239 car-

2312 4250 2321 4257 ⁹
2357 4250 2473 4262 --··-‘aec
