3557 5113
858 238 1130 380 86'*
1423 246 1581 361 M.
1688 220 2052 383 Fa‘ss'ri
2160 230 3164 382 Qchri'Lx'Am'

734 546 803 641 C
828 565 869 615 a
898 569 957 620 ι.
994 546 1123 628 IV.
1153 530 1227 616 le
1275 533 1711 617 remedium
1767 533 1877 617 est
1926 535 2290 616 ubertatis
2314 588 2334 625 ,
2397 532 2677 615 sterilia
2714 534 2929 613 nullo
2968 532 3211 613 labore
3240 532 3380 612 vin·

1146 669 1449 728 cuntur.
1563 647 1698 727 Illa
1763 648 1963 726 mihi
2036 650 2117 724 in
2161 648 2414 751 pueris
2464 668 2734 725 natura
2805 648 3204 724 minimum
3251 642 3379 747 spei

1145 757 1495 847 dederit,
1557 761 1636 835 in
1693 784 1845 865 qua
1901 758 2297 861 ingenium
2337 756 2623 857 judicio
2682 756 3171 861 praesumitur.
3251 758 3385 831 Ma-

1150 873 1426 949 teriam
1475 868 1617 947 esse
1675 874 2023 975 primum
2067 868 2254 949 volo
2300 868 2427 948 vel
2462 866 3092 948 abundantiorem
3114 922 3136 956 ,
3191 887 3380 970 atque

1149 980 1353 1060 ultra
1402 1006 1641 1087 quam
1687 1000 2045 1085 oporteat
2073 978 2338 1058 fissam.
2399 978 2743 1058 Multum
2777 977 2956 1059 inde
2995 977 3384 1083 decoquent

1140 1095 1368 1178 anni,
1393 1091 1732 1170 multum
1769 1092 1968 1170 ratio
2010 1089 2330 1179 limabit‚
2366 1088 2654 1197 aliquid
2692 1091 2905 1171 velut
2942 1090 3072 1169 usu
3113 1087 3260 1193 ipso
3278 1084 3383 1162 de-

1147 1224 1441 1282 teretur
1474 1256 1495 1290 ‚
1550 1200 1640 1281 sit
1691 1198 1938 1279 modo
1978 1199 2181 1279 unde
2215 1199 2468 1280 excidi
2526 1198 2758 1306 poffit
2800 1258 2822 1290 ,
2906 1206 2986 1280 ὅ(
3047 1196 3246 1307 quod
3288 1222 3387 1274 ex-

1145 1312 1379 1418 ·culpi.
1474 1317 1619 1391 erit
1666 1334 1964 1400 autem,
2008 1309 2063 1388 fi
2104 1339 2266 1389 non
2319 1311 2411 1391 ab
2453 1314 2675 1390 initio
2731 1333 3049 1391 tenuem
3098 1309 3388 1388 nimium

1148 1423 1522 1502 laminam
1576 1420 2021 1502 duxerimus
2067 1477 2089 1510 ‚
2151 1428 2235 1501 &
2274 1449 2516 1528 quam
2547 1421 2914 1506 coelatura
2969 1423 3189 1501 altior
3222 1446 3386 1496 rum-

1144 1556 1298 1639 pat.
1398 1531 1634 1637 Qod
1682 1560 1810 1613 me
1853 1532 1947 1611 de
2005 1533 2124 1609 his‘
2171 1533 2513 1612 attatibus
2569 1531 2844 1612 sentire
2902 1536 3154 1612 minus
3200 1534 3390 1609 mira-

1146 1646 1398 1734 bitur,
1464 1649 1599 1750 qui
1639 1642 1845 1747 apud
1883 1647 2346 1723 Ciceronem
2379 1642 2652 1749 legerit
2677 1700 2699 1733 ,
2766 1646 2924 1726 Volo
2962 1641 3240 1748 emmst
3271 1638 3404 1751 effe·

1144 1780 1266 1835 rat
1309 1762 1390 1834 in
1445 1754 1863 1860 adolesc'ente
1885 1749 2333 1861 fiz’canditas.
2512 1760 2833 1860 Qapro
2834 1778 3012 1863 pter
3086 1754 3394 1858 inprimis

1141 1863 1543 1948 evitandus
1573 1920 1595 1955 ,
1654 1871 1732 1946 &
1793 1868 1888 1943 in·
1931 1868 2185 1971 pueris
2236 1868 2663 1971 praecipue‚
2720 1867 3088 1973 magister
3140 1862 3391 1950 aridus,

1140 2003 1307 2055 non
1347 1979 1644 2064 minus,
1712 2003 1951 2084 quam
2022 1980 2302 2063 teneris
2357 1975 2605 2057 adhuc
2656 1977 2944 2082 plantis
3019 1975 3288 2057 ficcum
3331 1977 3395 2052 δε

1098 2086 1297 2177 ‚fine
1355 2088 1685 2166 humore
1727 2087 1892 2166 ullo
1935 2086 2206 2166 solum.
2298 2085 2481 2166 Inde
2535 2087 2733 2167 fiunt
2783 2088 3122 2169 humiles
3158 2087 3398 2173 statim,

1138 2202 1221 2278 &
1259 2196 1473 2280 velut
1529 2220 1824 2277 terram
1873 2198 2333 2304 spectantes,
2397 2201 2532 2306 qui
2580 2200 2776 2277 nihil
2825 2199 3057 2305 supra
3102 2192 3398 2306 quotidi-

1136 2336 1378 2389 anum
1422 2307 1864 2389 sermonem
1904 2308 2258 2389 attollere
2312 2307 2659 2389 audeant.
2741 2316 3051 2391 ‘Macies
3096 2310 3238 2390 illis
3328 2333 3402 2385 ro

1134 2419 1452 2501 sanitate
1486 2477 1508 2512 ‚
1533 2427 1611 2502 &
1652 2417 1909 2523 judicij
1965 2418 2149 2499 loeo
2192 2418 2596 2500 infirmitas
2634 2418 2788 2501 est:
2879 2427 2966 2504 &
3025 2418 3214 2504 dum
3287 2418 3404 2497 atis

1137 2554 1413 2638 putant
1471 2535 1666 2614 vitio
1743 2559 2002 2612 carere
2032 2586 2057 2623 ‚
2113 2535 2196 2611 in
2255 2529 2338 2611 id
2393 2531 2642 2638 ipsum
2704 2533 3070 2617 incidunt
3120 2535 3406 2617 vitium,

1134 2644 1354 2750 quod
1414 2643 1826 2724 virtutibus
1897 2665 2176 2722 carent.
2328 2644 2585 2744 Qare
2628 2646 2838 2724 mihi
2895 2675 2997 2727 ne
3051 2645 3412 2726 maturitas

1133 2751 1458 2860 quidem
1499 2753 1655 2862 ipsa
1702 2752 2049 2843 festinet,
2114 2780 2258 2832 nec
2315 2755 2562 2834 musta
2621 2753 2704 2836 in
2761 2756 2950 2838 lacu
3003 2758 3260 2856 ,statim
3314 2781 3414 2832 au-

1129 2865 1327 2945 stera
1372 2862 1552 2945 sint:
1621 2861 1721 2942 fic
1775 2867 1857 2944 &
1904 2890 2145 2943 annos
2197 2863 2447 2944 ferent
2491 2921 2513 2955 ,
2567 2872 2645 2946 &
2697 2870 3090 2951 vetustate
3142 2864 3420 2975 profici-

1129 2997 1286 3055 ent.
1378 2978 1502 3054 Ne
1555 2970 1749 3053 illud
1794 2971 2116 3081 quidem
2158 2973 2372 3083 quod
2423 2975 2992 3063 admoneamus
3035 2979 3416 3086 indignum

1130 3085 1248 3165 est
1274 3141 1299 3178 ‚
1366 3088 1671 3190 ingenia
1716 3111 2144 3190 puerorum
2204 3089 2443 3167 nimia
2495 3091 2814 3168 interim
2872 3089 3419 3172 emendationis

1126 3196 1527 3279 severitate
1583 3195 1946 3276 deficere:
2040 3224 2222 3280 nam
2263 3202 2341 3278 δε
2383 3197 2823 3305 desperant,
2894 3207 2980 3284 ὅ(
3028 3202 3328 3288 dolent,
3351 3202 3424 3279 &

1125 3305 1533 3389 novissime
1588 3306 1986 3406 oderunt:
2062 3311 2186 3399 δε,
2239 3308 2455 3416 quod
2508 3315 2852 3392 maxime
2915 3338 3195 3404 nocet,
3242 3309 3423 3390 dum

1125 3421 1392 3497 omnia
1451 3423 1770 3509 timent,
1827 3411 2025 3496 nihil
2068 3442 2465 3500 conantur.
2561 3423 2799 3518 Qiod
2859 3430 3116 3506 etiam
3156 3422 3431 3506 rusticis

1131 3551 1418 3609 notum
1467 3528 1578 3606 est
1614 3582 1640 3617 ,
1713 3532 1848 3634 qui
1901 3528 2301 3610 frondibus
2353 3536 2633 3612 teneris
2682 3562 2848 3613 non
2895 3560 3187 3643 putant
3233 3534 3432 3616 adhi-

1010 3707 1019 3714 ,
1130 3637 1476 3717 hendam
1520 3636 1664 3717 effe
1700 3638 1980 3718 falcem
2003 3695 2028 3731 ‚
2059 3645 2240 3748 quia
2279 3641 2781 3724 reformidare
2821 3647 3144 3731 ferrum
3184 3646 3437 3730 viden-

1142 3771 1272 3828 tur
1301 3803 1323 3838 ,
1391 3754 1475 3827 ὅ(
1540 3752 1976 3831 cicatricem
2027 3749 2380 3832 nondum
2429 3757 2589 3859 pati
2641 3757 2874 3859 poste.
3045 3757 3438 3871 Jucundus

1138 3885 1332 3966 ergo
1388 3881 1558 3937 tum
1624 3864 1964 3942 maxime
2021 3858 2251 3942 debet
2306 3862 2449 3942 effe
2499 3890 2941 3974 praeceptor
2965 3927 2990 3954 ,
3066 3896 3159 3952 ut
3211 3898 3442 3952 reme·

1134 3967 1263 4083 §ia
1284 4025 1308 4062 ‚
1343 3996 1512 4080 quae
1562 3969 1851 4079 alioqui
1881 3990 2154 4059 natura
2206 3973 2395 4056 sunt·
2418 3974 2713 4086 aspera,
2764 3979 3007 4062 molli
3056 4010 3304 4068 mann
3347 3981 3447 4060 le-

3250 4119 3454 4180 mall-
