3557 5113
633 243 862 392 636
1270 235 1417 341 M.
1514 234 1893 368 FAnu
2002 221 2991 367 Qthrthsm
3056 312 3091 339 ,.

549 563 746 650 ca„
773 566 942 649 vn,
970 541 1403 652 &impleri
1440 529 1642 623 smus
1686 541 2154 649 optabimus.
2242 535 2331 619 Id
2364 540 2626 646 potius
2673 563 2916 647 quam
2951 534 3025 619 se
3076 539 3262 621 inani

717 653 722 660 ’
909 651 914 654 ⁴
970 659 1395 744 verborum
1429 658 1763 738 torrenti
1816 652 2000 736 dare
2099 649 2253 750 uasi
2306 651 2932 759 tempestatibus,
2968 678 3131 761 quo
3147 679 3265 735 vo·

975 774 1146 856 lent
1187 825 1215 863 ,
1276 766 1808 851 auferendum.
1936 772 2030 847 Se
2140 793 2309 847 non
2355 768 2664 847 minore
2706 762 2968 845 studio
3046 768 3266 847 conti-

980 909 1210 968 netur
1254 881 1418 964 haec
1468 879 1806 971 facultas,
1848 906 2088 987 quam
2137 901 2471 987 paratur.
2572 884 2722 960 Ars
2766 881 2985 958 enim
3055 875 3268 959 semel

981 991 1384 1107 perceptar
1432 1021 1665 1075 mora
1722 991 2027 1073 labitur.
2112 991 2369 1102 Stylus
2421 1018 2732 1100 quoque
2800 989 3270 1073 intermistio-

981 1099 1098 1193 ne'
1130 1107 1453 1218 paulum
1509 1105 1948 1188 admodum
1989 1103 2090 1187 dc
2142 1103 2539 1187 celeritate
2573 1102 2935 1213 deperdit
2976 1132 3263 1211 :prom-

985 1247 1158 1306 tum
1217 1222 1373 1304 hoc
1420 1275 1445 1312 ,
1505 1225 1583 1302 ὅ(
1638 1222 1722 1299 in
1775 1217 2144 1324 expedito
2224 1216 2565 1328 positum
2642 1272 2667 1309 ,
2740 1220 3269 1304 exercitatione

987 1334 1140 1418 sola
1226 1338 1696 1416 continetur.
1840 1336 2012 1440 Hac
2102 1334 2229 1442 uati*
2281 1329 2382 1412 sle
2450 1333 2847 1439 optimum
2916 1329 3029 1412 est
3102 1386 3126 1424 ,
3198 1354 3271 1413 ut

986 1441 1340 1561 quotidie
1416 1444 1764 1527 dicamus
1819 1438 2303 1527 audientibus
2340 1442 2725 1554 pluribuS,
2789 1447 3132 1525 maxime
3187 1441 3268 1525 de

990 1590 1334 1674 quorum
1385 1556 1619 1641 fimus
1653 1555 1949 1662 judicio
1994 1584 2083 1637 ac
2139 1561 2513 1666 opinione
2553 1556 2863 1640 soliciti:
2906 1586 3159 1638 rarum
3177 1545 3269 1637 est

988 1683 1210 1758 enim
1262 1694 1348 1756 ut
1395 1672 1569 1753 satis
1608 1670 1683 1751 se
1730 1669 2133 1780 quisquam
2196 1678 2576 1753 vetatur.
2673 1670 2828 1753 Vel
2864 1668 3009 1752 soli
3044 1695 3270 1751 tamen

982 1788 1336 1870 dicamus
1371 1789 1660 1892 potius,
1695 1810 1938 1893 quarn
1978 1810 2143 1865 non
2181 1787 2514 1866 omnino
2530 1781 2912 1892 dicamus.
2997 1784 3110 1865 Est
3134 1782 3264 1861 alia

984 1900 1448 1981 exercitatio
1482 1893 1885 2005 cogitandi
1940 1952 1965 1988 ,
2028 1895 2376 2005 qtasque
2434 1901 2799 1979 materias
2837 1897 2958 1979 vel
2998 1893 3254 1977 filentio

984 2019 1023 2117 (
1064 2010 1254 2094 dum
1297 2032 1560 2090 tamen
1597 2006 1813 2118 quasi
1846 2007 2051 2090 dioat
2075 2013 2279 2090 intra
2321 2009 2724 2118 seipsum)
2752 2004 3260 2119 persequendi,

984 2151 1154 2233 quae
1197 2122 1420 2204 nullo
1452 2150 1619 2205 non
1658 2128 1739 2205 ὅ(
1773 2142 2137 2230 tempore
2193 2129 2272 2206 δε
2318 2121 2504 2203 loco
2523 2181 2545 2207 ‚
2602 2122 2925 2232 quando
2973 2147 3124 2204 non
3160 2119 3277 2201 ali·

987 2234 1101 2319 ud
1148 2238 1490 2345 agimus,
1531 2237 1908 2343 explicari
1969 2235 2225 2343 potest
2265 2272 2291 2315 .-
2335 2242 2414 2318 &
2457 2235 2569 2316 est
2610 2239 2691 2316 in
2737 2260 2968 2345 parte
3014 2231 3276 2322 utilior,

990 2341 1235 2460 quam
1289 2349 1453 2430 haec
1482 2353 1867 2458 proxima.
1999 2348 2480 2456 Diligentius
2540 2352 2757 2430 enim
2812 2351 3277 2458 componitur

996 2489 1234 2573 quam
1271 2460 1404 2541 illa
1461 2519 1485 2547 ,
1560 2466 1644 2543 in
1686 2489 1840 2573 qua
1892 2483 2358 2543 contextum
2432 2461 2745 2544 dicendi
2800 2465 3291 2545 intermittere

1000 2602 1392 2662 veremur.
1530 2576 1821 2657 Rursus
1857 2573 1990 2654 illa
2031 2578 2251 2683 prior
2278 2574 2451 2684 plus
2488 2576 2797 2657 confert
2836 2632 2862 2670 ,
2924 2580 3144 2661 vocis
3190 2573 3295 2656 fir-

1010 2691 1400 2778 mitatem,
1437 2690 1595 2768 oris
1631 2688 2115 2779 facilitatem,
2138 2712 2448 2770 motum
2469 2692 2846 2797 corporis,
2869 2699 3020 2800 qui
3053 2687 3302 2797 &ipsa

1013 2820 1102 2880 ut
1148 2797 1340 2890 dixi,
1404 2803 1689 2881 excitat
1733 2821 2180 2892 oratorem,
2219 2807 2300 2884 ὅ(
2335 2804 2744 2905 jactatione
2768 2831 3083 2897 manus,
3119 2799 3307 2912 pedis

1024 2909 1513 3019 supplofione
1548 2968 1572 3005 ,
1623 2911 1813 2994 ficut
1841 2911 2084 2995 cauda
2127 2912 2396 2996 leones
2430 2916 2681 2997 facere
2712 2913 3120 3023 dicuntur,
3154 2918 3312 2998 hor·
3437 2910 3445 2927 ’

1028 3045 1253 3106 tatur.
1311 3021 1796 3107 studendum
1838 3052 2033 3109 vero
2068 3025 2375 3135 semper
2405 3084 2427 3120 ,
2464 3033 2544 3111 &
2588 3030 2895 3138 ubique.
3060 3037 3318 3141 Neque

1026 3141 1247 3219 enim
1286 3137 1448 3220 fere
1491 3160 1654 3220 tam
1708 3138 1820 3220 est
1882 3139 2080 3220 ullus
2138 3138 2299 3221 dies
2363 3163 2818 3250 occupatus,
2866 3165 2962 3226 ut
2996 3144 3198 3226 nihil
3223 3145 3316 3224 lu·

1028 3254 1338 3333 crativae
1407 3307 1430 3342 ,
1503 3274 1588 3334 ut
1632 3255 1915 3334 Cicero
1956 3257 2291 3334 Brutum
2331 3252 2584 3336 facere
2637 3254 2904 3350 tradit,
2940 3286 3210 3366 opera:
3236 3256 3318 3363 ‚ad

1024 3361 1517 3444 scribendum
1549 3421 1574 3457 ‚
1629 3386 1760 3446 aut
1804 3363 1904 3445 ad
1945 3364 2363 3473 legendum
2419 3423 2442 3459 ,
2510 3392 2641 3477 aut
2687 3358 3127 3454 dicendum
3182 3376 3330 3480 rapi

1031 3474 1300 3582 aliquo
1345 3501 1763 3559 momento
1803 3481 2179 3585 temporis
2239 3478 2491 3586 poffit.
2611 3483 3022 3591 Siquidem
3055 3492 3149 3568 C.
3174 3494 3335 3568 Car·

1007 3587 1138 3694 *bo
1180 3589 1420 3670 etiam
1457 3593 1539 3671 in
1582 3591 2080 3674 tabernaculo
2119 3591 2412 3675 solebat
2437 3594 2582 3675 hac
2622 3601 2735 3677 uti
2769 3604 3339 3683 exercitatione

1027 3696 1363 3791 dicendi.
1455 3708 1583 3785 Ne
1624 3701 1705 3784 id
1749 3705 2075 3815 quidem
2136 3703 2553 3789 tacendum
2591 3709 2703 3789 est
2738 3764 2765 3801 ,
2798 3713 3035 3820 quod
3087 3715 3333 3796 eidem

1028 3810 1392 3899 Ciceroni
1428 3814 1678 3923 placet
1699 3872 1723 3905 ,
1780 3808 2093 3903 nullum
2133 3820 2486 3905 nostrum
2543 3822 2869 3935 usquam
2928 3830 3335 3938 negligen-

1025 3945 1191 4008 tem
1228 3924 1375 4009 esse
1410 3926 1855 4015 sermonem
1889 3971 1916 4017 .·
1946 3933 2322 4046 quicquid
2352 3935 2771 4045 loquemur
2798 3994 2827 4034 ,
2864 3941 3333 4057 ubicunque,

3247 4051 3327 4139 fit
