3557 5113
654 243 891 386 546
1174 222 1319 328 M.
1436 225 1857 327 F-Anu
2007 228 3155 364 Q1NCT111=AN1

607 564 804 643 Cn,
868 558 984 641 111⁴
1017 563 1352 655 quarum
1390 557 1876 644 unaqusaeque
1916 528 2384 624 desideraret
2425 528 2618 619 illud
2643 587 2663 622 ‚
2700 526 2753 609 si
2782 527 2940 621 sola
2972 544 3310 637 ponere-

1018 674 1168 734 tur.
1231 645 1319 728 ld
1363 644 1644 726 accidit
1687 673 1819 728 aut
1867 643 2277 752 praepofito
2323 645 2565 731 verbo
2600 639 2702 722 ad
2746 641 2961 751 quod
3025 640 3322 752 reliqua'

1018 763 1462 872 respiciant:
1489 765 1672 842 Vicit
1695 756 2039 871 pudorem
2073 748 2342 849 libido',
2370 750 2715 836 ‘timorem
2750 758 3085 861 audaciai,
3120 767 3331 839 ratio-

1018 907 1181 960 nem
1209 881 1552 953 amentia.
1625 874 1790 950 Aut
1825 869 2086 962 illam,
2128 897 2291 976 quo
2334 867 2559 977 plura
2598 865 3053 956 cluduntur:
3101 885 3338 981 Neque

1022 996 1215 1069 enim
1254 992 1323 1064 is
1356 1015 1453 1067 es,
1488 978 1833 1065 Catilina,
1872 1005 1955 1062 ut
1989 1006 2058 1062 te
2090 1005 2221 1061 aut
2232 981 2472 1093 pudor
2508 1010 2828 1090 unquam
2856 1008 2908 1059 a
2939 974 3329 1092 turpitudi-

1024 1132 1114 1180 ne
1139 1154 1163 1188 ,
1195 1120 1328 1178 aut
1360 1120 1586 1176 metus
1624 1125 1671 1177 a
1705 1098 2043 1207 periculo,
2099 1118 2228 1175 aut
2267 1101 2455 1173 ratio
2490 1122 2540 1173 a
2567 1095 2833 1199 fitrore
2872 1103 3328 1175 revocaverit.

1028 1206 1389 1292 Medium
1431 1234 1749 1317 quoque
1798 1206 2053 1313 potest
2089 1204 2257 1289 esse,
2295 1204 2512 1311 quod
2565 1208 2646 1284 &
2681 1206 3073 1310 prioribus
3119 1212 3198 1287 ὅ(
3240 1206 3333 1286 se

1030 1321 1441 1431 quentibus
1478 1319 1821 1400 sufficiat.
1936 1320 2206 1428 Jungit
2267 1338 2532 1396 autem
2572 1319 2652 1396 &
2705 1315 3047 1397 diversos
3109 1318 3335 1410 sexus,

1038 1447 1124 1515 ‘ut
1167 1461 1350 1513 curn
1385 1459 1688 1512 marem
1730 1432 2295 1538 foeminamque
2319 1432 2519 1619 {lios
2552 1426 2905 1508 dicimus.
2968 1434 3067 1510 Et
3110 1429 3334 1537 fingu·

1037 1546 1226 1626 laria
1270 1544 1689 1651 pluralibus
1748 1542 2045 1622 miscet.
2132 1538 2283 1622 Sed
2380 1570 2485 1623 aec
2521 1539 2718 1620 adeo
2760 1539 2933 1619 sunt
2961 1540 3332 1650 vulgaria,

1035 1681 1121 1739 ut
1152 1655 1305 1744 fibi,
1329 1677 1577 1736 artem
1607 1653 2029 1760 figurarum
2070 1651 2386 1733 asserere
2428 1682 2589 1735 non
2626 1650 2939 1760 possint.
2975 1654 3178 1738 Illud
3189 1654 3335 1760 pla-

1038 1796 1137 1848 ne
1168 1767 1416 1874 figura
1461 1768 1592 1850 est,
1620 1793 1770 1873 qua
1813 1763 2106 1847 diversa
2128 1764 2502 1848 sermonis
2525 1768 2780 1846 forma
2813 1752 3333 1874 conjungitur}

1174 1931 1277 1944 ---
1299 1887 1504 1959 Sociis
1532 1904 1701 1959 tunc
1727 1907 1938 1957 arma
1982 1876 2319 1989 capeſjsant

1155 1991 1393 2074 Edico,
1413 1988 1504 2082 (ῤ’
1539 1991 1710 2070 dira
1743 1987 1997 2072 bellum
2017 2012 2401 2100 cumgente
2418 1990 2835 2098 gerendum.

1034 2100 1414 2207 Qa'mv'is
1432 2107 1646 2182 enim
1668 2131 1843 2209 pars
1876 2102 2127 2184 bellum
2145 2102 2525 2209 posterior
2553 2104 2970 2215 participio
2993 2099 3270 2184 infistat
3300 2100 3325 2183 ⁵:

1039 2218 1352 2322 utrique
1386 2237 1652 2295 tamen
1691 2219 2063 2296 convenit
2103 2212 2299 2294 i11ud
2339 2213 2535 2306 edico
2575 2244 2596 2292 ε
2638 2241 2828 2295 nam
2864 2218 3178 2325 utrique
3216 2215 3336 2294 de·

947 2382 954 2390 -
1044 2330 1439 2408 tractionis
1465 2330 1708 2433 gratia
1750 2327 1947 2407 fasta
1999 2326 2466 2425 conjunstio.
2556 2327 2978 2405 eunomia-»w
3034 2348 3339 2431 vocant,

1039 2466 1210 2547 quae
1228 2438 1415 2519 duas
1457 2467 1579 2519 res
1620 2438 1953 2520 diversas
1989 2438 2337 2544 colligat:
2376 2445 2551 2517 Tam
2575 2439 2984 2545 decstavaro
3003 2439 3332 2550 quodhae·

1041 2550 1156 2632 bet
1178 2608 1201 2642 ,
1236 2581 1456 2662 quam
1492 2552 1689 2664 quod
1718 2583 1857 2632 non
1894 2549 2125 2633 habet.
2208 2552 2417 2631 Huic
2470 2549 2858 2632 diversam
2889 2553 3174 2633 volunt
3210 2551 3345 2633 esse

1044 2662 1651 2754 distinfflonem,
1688 2668 1813 2744 cui
1855 2663 2043 2743 dant
2085 2691 2382 2742 nomen
2418 2654 3001 2762 παραδιαςολῆυ,
3077 2693 3235 2774 qua
3268 2663 3347 2745 st·

1043 2775 1263 2853 milia
1304 2774 1879 2855 disternuntur:
1911 2792 2085 2856 Cum
2117 2801 2325 2887 tepro
2355 2776 2575 2880 ssata
2598 2778 3006 2887 sapientem
3034 2783 3343 2890 ⁴appeffes,

1025 2913 1166 3000 pro
1203 2887 1581 2994 corfidente
1590 2890 1885 2995 fbrtem,
1908 2914 2047 2999 pro
2077 2887 2416 2978 illiberali
2453 2888 2889 2997 diligentem.
2961 2889 3187 2996 quod
3244 2913 3349 2969 to-

1047 3020 1219 3079 tum
1271 2998 1561 3107 pendet
1596 3028 1693 3086 ex
1730 2999 2089 3080 finitione
2114 3059 2133 3092 ‚
2159 2998 2493 3114 ideoque
2527 3027 2625 3078 an
2653 2998 2899 3104 figura
2922 2998 3018 3080 fit
3055 2999 3346 3090 dubito.

1046 3113 1194 3193 Cui
1237 3114 1619 3192 contraria
1643 3112 1753 3191 est
1778 3140 1897 3198 ea,
1935 3140 2107 3221 quae
2145 3140 2244 3199 ex
2280 3115 2563 3194 vieinia
2608 3107 2874 3192 tra'nfit
2914 3111 3019 3200 ad
3065 3111 3344 3197 diverti

1048 3247 1178 3305 aut
1213 3222 1512 3310 fimilia,

1050 3329 1064 3368 ⁷
1164 3386 1257 3399 ---
1293 3345 1549 3426 Brevis
1579 3333 1696 3441 effe
1724 3333 1960 3432 laboro
1977 3393 2003 3419 ‚

1156 3445 1497 3551 Obsturus
1517 3452 1634 3562 fio.

1045 3563 1124 3637 ὅ(
1159 3583 1332 3665 quat
1370 3558 1807 3666 sequuntur.
1867 3559 2227 3639 Tertium
2262 3557 2371 3637 est
2408 3585 2655 3664 genus
2683 3558 3148 3667 figurarum,
3196 3589 3355 3672 quae

1050 3691 1178 3748 aut
1218 3668 1711 3751 similitudine
1753 3671 2007 3780 aliqua
2044 3699 2327 3752 vocum
2357 3725 2381 3759 ,
2438 3693 2567 3750 aut
2600 3673 2944 3778 paribus,
2997 3699 3134 3756 aut
3178 3699 3351 3756 con·

1049 3782 1300 3884 trariis
1335 3804 1650 3863 vertunt
1688 3786 1771 3862 in
1805 3783 1881 3868 se
1921 3810 2186 3872 aures,
2229 3790 2309 3864 &
2342 3786 2647 3872 animos
2673 3788 3046 3870 excitant.
3151 3789 3351 3867 Huic

1045 3916 1340 4000 nomen
1370 3894 1482 3973 est
1512 3897 2042 3999 παρωνομασίαι,
2073 3923 2241 4002 quae
2273 3894 2557 3976 dicitur
2621 3902 3191 4002 agnominatio.
3250 3904 3343 3984 Ea

1043 4029 1212 4088 non
1267 4033 1427 4088 uno
1468 4003 1714 4088 modo
1759 4004 1933 4090 fieri
1966 4007 2160 4089 solet
2227 4063 2257 4102 2
2330 4008 2461 4100 sed
2501 4037 2602 4096 ex
2658 4012 2944 4102 vicinia
3009 4010 3327 4124 quadam

3139 4148 3327 4232 prz-
