3557 5113
363 138 610 312 De
656 116 1095 350 Irgstitss
1193 137 1929 326 Oratoria,
2029 132 2332 299 Lib.
2381 139 2483 300 Ι.
2746 158 2890 292 39

268 498 445 555 rum
500 468 754 555 altero
823 474 1101 556 Cicero
1168 494 1430 556 tamen
1466 528 1492 564 ,
1571 466 1821 556 altero
1879 476 2250 562 Horatius
2312 470 2576 565 utitur.
2607 483 2673 566 C
2700 509 2742 562 Α
2773 511 2833 565 ι».
2897 482 3000 572 νς

264 592 360 666 Et
400 613 739 700 mappam
777 613 1091 696 quoque
1131 643 1154 679 ,
1222 585 1586 667 usitatum
1648 591 1862 668 circo
1939 619 2233 674 nomen
2273 651 2296 686 ,
2362 600 2579 678 Poeni

262 697 397 778 fibi
432 700 907 781 vendicant:
985 706 1065 781 δι
1109 699 1385 809 gardas
1418 756 1439 790 ‚
1499 722 1694 805 quos
1754 728 1905 807 pro
1967 702 2260 787 stolidis
2301 705 2578 816 accipit
2687 778 2692 781 .

264 810 537 918 vulgus
579 867 605 903 ,
700 839 797 891 ex
851 811 1213 919 Hispania
1244 810 1561 893 *duxiss'e
1613 810 2003 920 originem
2053 814 2329 901 audivi.
2429 819 2580 901 Sed

266 924 426 1005 haec
483 919 760 1006 divisio
819 951 1039 1016 mea,
1091 920 1202 1029 *ad
1265 929 1627 1005 Graecum
1670 924 2120 1006 sermonem
2189 932 2576 1038 praecipue

267 1039 639 1146 pertinet:
737 1063 923 1115 nam
964 1043 1042 1116 &
1105 1040 1448 1116 maxima
1494 1063 1592 1114 ex
1657 1059 1875 1144 parte
1930 1044 2335 1122 Romanus
2392 1041 2575 1122 inde

282 1149 676 1231 conversus
740 1143 860 1228 est
896 1203 925 1238 ,
994 1150 1074 1230 ὅτ
1133 1147 1483 1231 confessis
1533 1173 1852 1257 quoque
1929 1150 2213 1232 Graecis
2272 1155 2574 1234 utimur

276 1262 552 1350 verbis,
612 1260 747 1339 ubi
776 1259 1049 1340 nostra
1106 1259 1425 1351 desunt,
1465 1257 1656 1340 ficut
1700 1261 1813 1340 illi
1869 1289 1912 1340 a
1948 1264 2170 1344 nobis
2221 1293 2582 1347 nonnum

286 1401 505 1480 quam
565 1394 1049 1453 mutuantur,
1160 1368 1343 1452 Inde
1421 1368 1552 1451 illa
1612 1372 1929 1479 quaestio
1987 1379 2379 1465 exoritur,
2477 1406 2574 1458 an

295 1482 543 1562 cadem
599 1489 909 1564 ratione
952 1512 1092 1590 per
1143 1484 1349 1564 casus
1399 1481 1579 1564 duci
1621 1506 1985 1575 externa,
2056 1512 2208 1593 qua
2247 1487 2570 1577 nostra.

287 1596 720 1678 conveniat?
853 1602 974 1677 Ac
1018 1595 1082 1674 si
1150 1599 1482 1702 reperias
1551 1600 2154 1703 grammaticum
2214 1619 2572 1678 veterum

286 1732 699 1789 amatorem
721 1765 744 1799 ,
785 1730 1020 1814 neget
1065 1712 1484 1816 quicquam
1543 1735 1641 1790 ex
1698 1708 1981 1791 Latina
2037 1711 2340 1789 ratione
2402 1738 2575 1790 mu-

294 1821 642 1901 tandum:
684 1825 869 1929 quia
902 1848 1086 1900 cum
1118 1818 1211 1900 sit
1242 1819 1451 1929 apud
1486 1847 1629 1900 nos
1660 1819 1870 1900 casus
1906 1816 2303 1912 ablativus,
2327 1848 2570 1929 quem

278 1933 574 2014 illinon
615 1934 903 2013 habent
927 1988 948 2024 ‚
997 1961 1278 2038 parum
1334 1935 1744 2013 conveniat
1763 1984 1785 2021 ,
1848 1954 2009 2012 uno
2051 1926 2220 2011 casu
2257 1933 2523 2013 nostro
2545 1986 2572 2024 ,
2639 2023 2659 2037 ,

273 2050 605 2155 quinque
653 2049 943 2127 Graecis
981 2048 1119 2148 uti.
1239 2046 1690 2150 Qinetiam
1743 2042 2006 2124 laudet
2043 2047 2418 2126 virtutem
2448 2072 2579 2124 eo·

278 2187 495 2249 rum,
529 2162 658 2266 qui
692 2162 1227 2265 potentiorem
1277 2157 1526 2235 facere
1583 2155 1932 2260 linguam
2001 2156 2366 2236 Latinam
2430 2155 2575 2236 stu-

293 2271 595 2361 debant,
644 2299 788 2351 nec
830 2271 1094 2351 alienis
1127 2296 1353 2376 egere
1403 2262 1763 2348 institutis
1823 2266 2258 2350 fatebantur
2294 2300 2310 2347 ε
2388 2263 2572 2355 inde

292 2382 613 2490 &starem
646 2380 898 2463 media
936 2383 1222 2491 syllaba
1266 2376 1640 2488 produsta
1679 2377 2291 2486 pronunciat-unt
2315 2433 2340 2468 ,
2389 2383 2571 2487 quia

281 2496 428 2578 hoc
474 2498 828 2578 omnibus
883 2495 1158 2576 nostris
1197 2491 1641 2575 nominibus
1695 2489 2084 2572 accidebat
2120 2548 2145 2583 ,
2228 2517 2574 2600 quorum

284 2615 519 2716 prima
549 2609 829 2717 positio
868 2613 951 2690 in
991 2604 1296 2713 easdem
1353 2633 1539 2714 quas
1595 2601 1822 2710 Castor
1870 2600 2126 2718 literas
2180 2607 2337 2685 exit
2372 2637 2390 2683 ε
2489 2605 2574 2686 δε

296 2748 369 2802 ut
405 2726 741 2814 Palaemo,
796 2751 882 2802 ac
937 2715 1424 2811 Thelamo,*&
1479 2721 1730 2809 Plato,
1786 2722 2024 2822 (nam
2086 2714 2189 2803 sic
2225 2743 2407 2798 eum
2452 2713 2574 2796 Ci·

291 2861 449 2917 cero
484 2863 801 2946 quoque
835 2833 1219 2943 appellat)
1279 2827 1766 2921 dicerentur,
1829 2831 2315 2910 retinuerunt
2345 2830 2574 2935 :quia
2641 2867 2644 2872 ·

287 2949 648 3030 Latinum
696 2945 913 3057 quod
949 2977 987 3028 o
1034 2953 1114 3029 ὅ(
1166 2977 1218 3026 n
1266 2943 1505 3024 literis
1554 2942 1910 3024 finiretur
1938 2998 1963 3035 ,
2028 2968 2191 3021 non
2236 2934 2573 3047 reperie-

291 3057 467 3144 bant.
562 3068 689 3141 Ne
728 3065 810 3141 in
848 3088 899 3141 a
945 3057 1265 3169 quidem
1311 3079 1540 3165 atque
1587 3088 1627 3133 s
1673 3050 1932 3135 literas
1996 3049 2207 3134 exire
2269 3071 2572 3132 temere

287 3173 681 3255 masculina
748 3180 1015 3255 Graeca
1077 3169 1400 3251 nomina
1485 3167 1697 3245 reclo
1787 3164 1960 3246 casu
2021 3161 2506 3272 patiebantur
2543 3190 2569 3242 t

287 3285 600 3395 ideoque
645 3294 721 3368 ὃ(
787 3283 992 3391 apud
1037 3284 1366 3366 Caelium
1424 3277 1755 3385 legimus
1778 3332 1801 3367 ,
1846 3279 2049 3359 Pelia
2082 3277 2571 3356 Cincinnatus.-

292 3404 356 3479 δε
400 3399 600 3509 apud
652 3395 1087 3482 Messalam,
1142 3396 1519 3500 Beneficit
1556 3384 1875 3472 Euthia.-
1949 3394 2029 3496 ὃ(
2085 3383 2288 3495 apud
2358 3387 2570 3469 Cice÷

303 3539 570 3605 tonem,
613 3527 1108 3621 Hermagora:
1202 3535 1301 3585 ne
1335 3504 1714 3585 miremur
1766 3500 1984 3611 quod
2047 3500 2142 3582 ab
2213 3494 2572 3609 antiun

315 3651 440 3709 mm
475 3621 878 3737 plerisque
921 3635 1143 3703 AEnea
1181 3626 1258 3700 ὅ(
1306 3615 1609 3732 Anchisci
1658 3609 1748 3696 fit
1797 3609 2061 3696 distus.
2153 3620 2364 3696 Nam
2398 3611 2456 3696 fi
2487 3611 2575 3699 ut

316 3740 613 3828 Akrenas,
672 3739 1002 3850 Stgffenas
1021 3793 1042 3819 ‚
1084 3740 1415 3843 Asprenas
1463 3724 1902 3812 dicerentur
1924 3787 1947 3822 ,
1998 3731 2357 3837 genitivo.
2403 3728 2578 3811 casu

290 3881 425 3934 non
464 3891 491 3938 e
536 3857 786 3937 litera
824 3908 848 3942 ,
911 3847 1042 3927 sed
1082 3854 1170 3926 tt&
1225 3840 1504 3950 syllaba
1546 3847 2177 3936 terminarentur„
2260 3840 2445 3936 Inde
2486 3861 2572 3948 Q·

270 3971 448 4084 §msto
480 3978 559 4059 ὅ(
610 3994 946 4085 tyranno
1001 3982 1299 4074 acutam
1336 3955 1681 4160 ιῃεὲἰειιῐι
1739 3948 2110 4072 syllabam
2146 3953 2577 4080 dederunt,

2396 4091 2583 4181 qma.
