3557 5113
735 144 867 263 {6
1122 114 1220 262 Τ
1262 112 1431 265 Μ’,
1502 114 1593 261 Ῑῗ
1631 127 1842 251 Ani
1873 176 1926 246 r
2031 123 2405 289 QlsN
2439 124 2904 279 offali}
2952 179 3083 275 Ν-ἶῙ
3113 136 3140 153 ἰ

593 445 731 522 CA‘
755 470 837 525 a·
884 448 984 525 11.
1017 440 1185 526 ms,
1253 436 1585 517 tenebris
1654 458 1743 513 ac
1812 430 2205 525 solitudini
2256 427 2770 537 praetulissem.
2866 436 3087 509 Nam
3136 434 3337 536 opti:

1016 576 1190 629 mus
1239 547 1559 657 quisque
1622 567 2055 656 praa-ceptor
2119 544 2553 651 frequentia
2607 542 2891 652 gaudet
2927 599 2948 634 ‚
3020 570 3110 623 ac
3173 570 3338 622 ma-

1015 664 1181 764 jore
1223 660 1295 738 se
1335 660 1642 741 theatro
1692 655 2022 765 dignum
2069 679 2308 762 putat.
2402 660 2511 733 At
2578 684 2770 759 vero
2831 657 3188 734 minores
3242 681 3336 731 ex

1016 770 1476 852 conscientia
1531 771 1673 851 suae
1725 769 2195 849 infirmitatis
2260 768 2549 861 haerere
2609 767 2962 873 singulis,
3035 770 3115 845 &
3166 765 3340 845 offi-

1014 888 1154 964 cio.
1192 884 1409 993 fungi
1437 880 2030 992 quodammodo
2063 880 2670 988 paedagogorum
2717 908 2878 959 non
2926 876 3338 986 indignan-

930 1013 938 1021 '
1017 1020 1162 1077 tur.
1261 993 1409 1079 Sed
1441 994 1744 1103 praestet
1798 994 2023 1080 alicui
2071 993 2196 1074 vel
2242 996 2486 1097 gratia
2523 1047 2543 1080 ,
2601 991 2728 1070 vel
2777 994 3128 1092 amicitia
3151 1048 3186 1091 ,h
3217 989 3336 1093 vel

1013 1111 1377 1213 pecunia,
1421 1131 1506 1186 ut
1562 1104 2091 1188 doCtisfimum
2142 1129 2370 1213 atque
2428 1102 3131 1210 incomparabilem
3177 1131 3340 1201 ma-⁸

1013 1220 1339 1325 gistrum
1391 1218 1611 1311 domi
1666 1218 1937 1298 habeat
1967 1249 1990 1295 .:
2049 1246 2253 1298 -num
2289 1240 2553 1297 tamen
2581 1215 2710 1293 ille
2756 1239 3022 1293 toturn
3059 1219 3140 1293 in
3182 1244 3335 1309 uno

1015 1329 1230 1412 diem
1276 1330 1816 1421 consumturus
1863 1330 2027 1409 est?
2097 1352 2225 1409 aut
2271 1327 2528 1435 potest,
2568 1326 2712 1406 ess'e
2762 1328 2918 1429 ulla
2967 1350 3132 1431 tam
3166 1357 3330 1435 per-

1011 1463 1245 1549 petua
1277 1442 1630 1533 disc-entis
1662 1446 2040 1531 -intentiO,
2074 1470 2247 1548 quae
2283 1468 2488 1529 noni,
2529 1463 2612 1518 ut
2667 1439 2862 1523 visus
2912 1438 3332 1543 oculorum

1014 1555 1297 1638 obtutu
1356 1558 1772 1643 continuo,
1807 1628 1812 1637 ,
1845 1553 2267 1658 fatigetur?
2336 1580 2518 1631 cum
2579 1551 3018 1659 praeiertim
3069 1552 3327 1658 multo

883 1659 889 1664 ’
1011 1665 1184 1770 plus
1240 1665 1508 1755 secreti
1554 1664 1800 1751 studia
1853 1662 2301 1747 desiderent.
2393 1671 2672 1771 Neque
2729 1666 2946 1743 enim
3006 1665 3327 1751 scriben7

1015 1780 1127 1868 ti,
1210 1776 1627 1869 ediscenti,
1677 1781 2050 1883 cogitanti
2115 1800 2548 1884 praeceptor
2595 1774 2921 1869 adsistit:
2988 1805 3321 1886 quorum

1015 1887 1304 1995 aliquid
1352 1890 1749 1995 agentibus
1784 1946 1808 1978 ‚
1890 1887 2404 1996 cujuscunque
2433 1891 2948 1989 „interventus
3002 1886 3322 1995 impedi-

1017 2022 1291 2095 mento
1337 2002 1464 2081 est,
1561 2001 1834 2081 Lestio
1884 2029 2198 2108 quoque
2257 2030 2418 2085 non
2470 2004 2958 2102 omnis,3nec
2987 2000 3322 2106 ‚senipeg

1018 2134 1407 2218 praeeunte
1463 2112 1588 2193 vel
1630 2116 2188 2219 interpretante
2254 2136 2448 2220 eget.
2547 2112 2887 2218 Qando
2937 2117 3154 2195 enim
3213 2136 3319 2192 tot

1019 2225 1422 2311 auftorum
1482 2230 1758 2306 notitia
1806 2228 2354 2333 contingeret?
2421 2225 2834 2323 Modicum
2888 2254 3083 2332 ergo
3137 2250 3320 2304 tem-

972 2396 976 2401 ,
1017 2360 1160 2438 pus
1206 2335 1317 2416 est
1353 2393 1374 2426 ‚
1441 2364 1602 2447 quo
1657 2342 1738 2419 in
1786 2359 2044 2421 totum
2090 2336 2304 2417 diem
2356 2336 2570 2419 velut
2630 2364 2830 2442 opus.
2901 2337 3313 2419 ordinetur.

1019 2445 1356 2556 Ideoque
1424 2477 1569 2558 per
1644 2450 1903 2559 plures
1956 2454 2072 2529 ire
2126 2448 2434 2555 poss'unt
2485 2453 2723 2528 etiam
2778 2478 2959 2560 quae
3018 2449 3314 2560 singulis

1017 2559 1385 2642 tradenda
1428 2561 1616 2642 sunt.
1710 2563 2075 2670 Pleraque
2125 2583 2315 2644 vero
2354 2562 2553 2662 hanc
2600 2560 3148 2644 conditionem
3191 2563 3318 2641 ha-

1017 2673 1201 2753 benc
1238 2730 1258 2762 ‚
1328 2696 1413 2752 ut
1478 2671 1751 2755 eadem
1799 2702 1994 2756 voce
2039 2670 2137 2753 ad
2188 2701 2462 2754 omnes
2518 2672 2748 2753 simul
2807 2677 3313 2782 perferantur.

1018 2788 1277 2865 Taceo
1309 2783 1405 2865 de
1454 2785 1992 2895 partitionibus
2033 2792 2111 2868 &
2151 2786 2844 2876 declamationibus
2883 2791 3308 2882 rhetorum:

1018 2897 1294 3004 quibus
1333 2922 1541 2977 certe
1592 2896 2228 3024 quantuscunque
2272 2928 2640 2994 numerus
2681 2899 3171 3000 adhibeatur,
3208 2922 3310 2978 ta-

1021 3037 1207 3090 men
1263 3010 1773 3120 ·unusquisque
1826 3031 2089 3092 totum
2133 3013 2348 3093 feret.
2476 3018 2665 3094 Non
2722 3017 2941 3094 enim
2985 3041 3157 3112 vox„
3184 3010 3306 3102 illa

1020 3127 1560 3228 praeceptoris,
1627 3144 1714 3203 ut
1754 3151 2013 3215 coena,
2082 3128 2338 3205 minus
2386 3124 2731 3231 pluribus
2781 3126 3123 3215 sufficit3
3185 3118 3304 3201 sed

1023 3255 1111 3317 ut
1149 3231 1306 3324 sol,
1373 3233 1739 3318 universis
1789 3236 2008 3319 idem
2041 3237 2231 3317 lucis
2263 3236 2608 3345 calorisq3
2651 3237 2999 3345 largitur.
3041 3242 3298 3338 Gram-

1018 3347 1344 3425 maticus
1394 3375 1707 3455 quoque
1770 3346 1867 3427 de
1931 3349 2304 3458 loquendi
2362 3356 2662 3431 ratione
2708 3347 2768 3433 fi
2829 3350 3131 3432 differat
3169 3403 3189 3435 2
3246 3340 3298 3421 sl

1018 3456 1472 3563 quaestiones
1512 3458 1874 3565 explicet,
1915 3461 2264 3544 historias
2295 3487 2657 3568 exponat,
2695 3471 3059 3570 'po'e‘rnata
3100 3484 3300 3540 enar-

1013 3591 1135 3647 ret
1169 3600 1188 3659 ;
1218 3579 1241 3639 ζ
1260 3591 1378 3650 tot
1415 3569 1544 3650 illa
1581 3568 1910 3660 discent,
1963 3595 2160 3681 quot
2201 3572 2533 3657 audient.
2628 3582 2737 3655 At
2785 3579 3002 3656 enim
3048 3596 3301 3652 emen—

1012 3678 1306 3759 dationi
1365 3679 1994 3790 praelectionique
2051 3713 2421 3768 numerus
2477 3688 2749 3771 obstat.
2858 3692 2966 3769 Sit
3014 3689 3301 3767 incom-

1012 3790 1345 3878 modurn
1384 3835 1429 3884 ‚·
1481 3806 1708 3890 (nam
1755 3793 1946 3901 quid
1987 3795 2147 3878 fere
2198 3799 2541 3911 undique
2576 3800 2926 3911 placet?)
2995 3823 3184 3875 mox
3217 3792 3303 3870 il-

1016 3904 1155 3988 ind
1184 3905 1830 4017 comparabimus
1892 3911 2364 3997 conmodis.-
2409 3961 2416 3966 «
2509 3921 2675 3999 Nec
2717 3939 2886 4022 ego-f
2907 3933 3167 3993 tamen
3189 3931 3296 4031 ἐς

1138 4055 1159 4066 '
1396 4053 1405 4062 ‘
1883 4067 1887 4072 ·
3096 4039 3300 4100 mitti
