3557 5113
282 227 510 390 De
538 222 987 435 bfflit.
1063 206 1775 479 oratoria,
1817 222 2109 384 Lib.
2157 225 2260 390 1.
2585 231 2754 383 σγ

170 577 350 665 atque
391 553 676 639 formas
698 587 734 653 3·
798 581 1311 641 numerorum
1367 553 1686 667 quidem
1727 563 2004 643 notitia
2046 590 2209 646 non
2238 594 2413 648 ora·
2440 604 2508 682 C
2532 622 2577 677 Δ
2601 623 2665 677 2·
2721 591 2832 678 Χ..

172 674 285 749 ton‘
321 667 557 750 modo
602 725 627 760 ,
701 664 835 751 sed
872 673 1304 780 cuicunque
1366 674 1447 749 in
1484 672 1756 776 primis
1833 673 2106 756 saltem
2166 677 2418 762 literis
2804 675 2832 694 ”’

172 780 415 862 ‹ti-ndito
459 777 869 863 necessaria
916 782 1045 863 est.
1176 789 1261 863 ln
1327 780 1559 862 caufis
1616 811 1806 865 vero
1864 787 1989 868 vel
2059 788 2425 897 frequen-

174 892 391 975 tiffime
425 892 711 975 versari
756 890 988 975 solet:
1055 897 1136 973 in
1189 895 1462 1002 quibus
1504 895 1716 974 adior
1755 925 1917 976 non
1958 897 2137 980 dico
2173 900 2231 980 si
2269 905 2420 983 cir-

175 1035 234 1085 m
270 1005 576 1087 summas
628 1005 960 1113 trepidat
980 1061 1005 1098 ,
1060 1004 1190 1087 sed
1245 1005 1302 1087 fi
1352 1005 1777 1115 digitorum
1840 1009 2108 1091 saltem
2169 1016 2413 1094 incer-

177 1142 240 1199 to
273 1142 377 1200 aut
429 1117 806 1199 indecoro
865 1120 1082 1226 gestu
1141 1147 1184 1198 a
1233 1122 1817 1223 computatione
1871 1119 2200 1204 dissentit
2223 1181 2248 1217 ,
2289 1128 2409 1227 ju·-

174 1228 405 1312 dicatur
458 1230 836 1312 indoctus.
996 1228 1133 1310 Illa
1200 1258 1393 1311 vero
1437 1228 1743 1311 linearis
1811 1235 2050 1324 ratio,
2104 1242 2183 1317 δε
2251 1236 2412 1342 ipsa

175 1342 430 1449 quidem
474 1341 681 1425 cadit
734 1342 1177 1451 frequenter
1225 1345 1309 1422 in
1357 1340 1605 1422 causas
1644 1373 1665 1419 ε
1754 1370 1941 1422 nam
1997 1343 2098 1424 de
2150 1351 2409 1427 termi-

175 1459 272 1532 nis
314 1454 794 1564 mensurisque
842 1453 1016 1534 sunt
1056 1455 1259 1534 lites:
1325 1452 1456 1535 sed
1494 1452 1725 1533 habet
1753 1457 2139 1556 majorem
2169 1485 2433 1565 quan-·

173 1564 324 1645 dam
380 1566 581 1649 aliam
646 1596 834 1648 cum
897 1588 1058 1646 arte
1126 1568 1475 1646 oratoria
1529 1570 2102 1671 cognationem.
2227 1568 2409 1676 Jam

172 1681 449 1783 primum
496 1677 705 1759 ordo
749 1677 861 1759 est
914 1682 1362 1785 geometriae
1408 1676 1908 1759 neceffirius:
2002 1707 2265 1760 nonne
2325 1685 2409 1763 &

176 1790 612 1898 eloquentiae?
671 1795 782 1871 Ex
821 1787 1206 1898 prioribus
1230 1791 1663 1896 geometria
1693 1790 1971 1895 probat
2011 1790 2407 1900 insequen-

179 1904 285 1987 tia,
332 1906 398 1986 &
440 1905 672 1985 certis
704 1905 1031 1983 incertae:
1096 1928 1363 1982 nonne
1410 1900 1492 1982 id
1529 1904 1612 1980 in
1656 1898 1990 1983 dicendo
2035 1904 2405 1987 facimus?

177 2013 370 2121 Qid?
447 2016 576 2122 illa
612 2013 1193 2122 propositarum
1229 2013 1740 2121 quaestionum
1784 2014 2212 2107 conclusio,
2234 2045 2403 2098 non
2491 2060 2496 2067 ’

175 2148 296 2206 tota
334 2127 475 2209 fere
536 2127 843 2209 constat
906 2125 1423 2233 syllogismis?
1501 2147 1828 2231 propter
1878 2127 2094 2236 quod
2139 2129 2403 2235 plures

169 2240 450 2320 invenias
490 2244 624 2349 qui
659 2239 1068 2321 dialefflcae
1106 2236 1479 2329 similem,
1543 2261 1781 2343 quam
1826 2243 1961 2346 qui
1994 2239 2405 2321 rhetoricae

166 2347 497 2432 fateantur
531 2355 728 2432 hanc
763 2372 1034 2431 artem.
1129 2350 1432 2441 Verum
1482 2352 1561 2428 &
1598 2372 1866 2428 orator
1884 2407 1907 2440 ,
1960 2351 2252 2451 etiamsi
2292 2379 2405 2434 ra·

166 2487 245 2540 ro
262 2518 282 2551 ,
334 2490 477 2544 non
522 2486 782 2544 tamen
823 2489 1227 2574 nunquam
1271 2459 1629 2572 probabit
1685 2458 2099 2542 dialectice.
2194 2469 2406 2544 Nam

172 2578 229 2654 ὃ(
268 2573 680 2685 syllogismo
707 2632 733 2667 ,
796 2574 856 2656 fi
915 2604 1034 2657 res
1086 2574 1397 2683 poscet,
1450 2593 1712 2656 utetur
1754 2604 1772 2651 :
1876 2580 1955 2656 &
2011 2596 2221 2656 certe
2274 2603 2409 2657 en-

176 2684 573 2791 thymemate
595 2746 619 2779 ,
709 2690 844 2795 qui
903 2687 1333 2769 rhetoricus
1401 2686 1512 2768 est
1569 2683 2073 2791 syllogismus.
2165 2691 2410 2795 Deni-

182 2821 293 2900 que
322 2803 857 2906 probationum
913 2828 1085 2908 quae
1132 2798 1305 2881 sunt
1361 2794 1907 2906 potentissima:
1927 2855 1958 2891 ,
2004 2791 2421 2904 ypapapuaffl*
2507 2885 2510 2890 ‚

175 2901 457 3017 ἐπιδείξεις
503 2913 755 3022 vulgo
794 2911 1175 2994 dicuntur.
1264 2909 1477 3014 Qid
1533 2929 1806 2991 autem
1854 2915 2102 3018 magis
2157 2913 2419 2992 oratio

174 3047 359 3128 quam
395 3026 937 3135 probationem
993 3027 1191 3131 petit
1231 3022 1258 3102 ἓ
1338 3020 1538 3102 Falsa
1588 3047 1905 3128 quoque
1948 3020 2413 3114 verisimilia,

175 3143 522 3236 geometria
562 3140 870 3218 ratione
908 3132 1447 3246 deprehendit.
1558 3136 1670 3212 Fit
1705 3132 1859 3212 hoc
1901 3138 1980 3214 &
2021 3139 2109 3214 in
2139 3162 2424 3218 nume-

179 3249 247 3323 ris
286 3275 402 3355 per
490 3249 848 3338 uasdam,
890 3274 1074 3356 quas
1117 3238 1669 3352 ψευδογραφίας
1711 3266 2030 3324 vocant:
2138 3247 2419 3356 quibus

186 3364 335 3458 pueri
366 3361 441 3442 lu
496 3389 620 3441 ere
666 3360 1121 3443 solebamus.
1219 3356 1365 3438 Sed
1408 3355 1553 3438 alia
1591 3357 1888 3455 majora
1944 3355 2134 3437 sunt.
2202 3364 2412 3439 Nam

188 3472 301 3572 quis
328 3502 468 3554 non
515 3481 623 3556 ita
680 3476 1160 3581 proponenti
1221 3469 1518 3551 credat:
1622 3473 1985 3573 Qorum
2045 3469 2409 3551 locorum

191 3601 460 3669 extremae
503 3588 743 3670 lineae
798 3584 1127 3667 eandem
1177 3582 1618 3681 mensuram
1658 3580 2039 3686 colligunt
2061 3639 2085 3674 ,
2128 3581 2412 3681 eorum

186 3685 421 3793 spatium
457 3725 788 3808 quoque
844 3695 1061 3803 quod
1112 3698 1231 3782 his
1283 3695 1505 3774 lineis
1562 3695 2056 3784 continetur,
2114 3721 2253 3799 par
2314 3692 2411 3777 fit

171 3804 397 3887 neeesse
434 3811 583 3896 est?
691 3813 804 3889 At
852 3806 935 3892 id
988 3808 1263 3893 falsum
1309 3805 1455 3888 ests
1536 3811 1749 3914 Nam
1799 3805 2232 3913 plurimu'm
2287 3815 2418 3888 r‘e-

166 3910 276 3993 fert
303 3925 483 4023 cujus
524 3921 625 4006 sit
678 3921 966 4001 formae
1021 3913 1149 4007 ille
1203 3923 1614 4014 circuitus:
1714 3918 2310 4028 reprehensique
2339 3919 2411 4002 ‘a

159 4038 504 4144 geometris
557 4034 756 4148 Q}
805 4032 1147 4143 histsrici
1184 4035 1321 4157 qui
1366 4030 1938 4245 ,famma-15,
1979 4030 2410 4226 insulargffl
