3557 5113
758 227 1011 372 364
1383 225 1539 329 M.
1652 224 2021 327 Finit
2171 224 3148 357 chrimANi

687 512 876 594 Cn.
921 516 1079 597 Vll.
1110 507 1271 588 duS.
1380 507 1648 600 Debet⁸
1688 510 1901 585 enim
1943 505 2070 587 vel
2112 496 2321 594 fieri,
2380 502 2503 586 vel
2539 497 2834 581 detrahi
2868 498 3172 579 testibus
3200 494 3366 576 fidei

1106 622 1458 699 oratione
1504 640 1913 725 perpetua:
1991 620 2167 723 quia
2206 613 2306 694 sic
2347 614 2663 723 quisque
2718 610 2934 690 dictis
2993 632 3366 697 movetur,

1109 753 1196 808 ut
1239 730 1349 808 est
1401 728 1497 809 ad
1548 726 2025 808 credendum
2079 728 2203 806 vel
2254 753 2417 805 non
2472 722 2947 805 credendum
3007 745 3181 800 ante
3240 721 3370 798 for-

1107 861 1382 919 matus.
1493 846 1587 918 Et
1650 842 2024 947 quoniam
2081 838 2240 915 duo
2295 862 2577 945 genera
2629 834 2799 914 sunt
2852 832 3158 912 testium
3181 889 3201 915 ‚
3265 852 3373 908 aut

1108 951 1769 1039 voluntariorum,
1835 945 1967 1028 aut
2001 974 2276 1028 eorum
2317 948 2589 1055 quibus
2631 950 2711 1024 iii
2745 944 3042 1045 judiciis
3077 943 3371 1048 publicis

1106 1060 1280 1166 lege
1325 1060 1828 1141 denunciatur
1844 1094 1868 1149 ,-
1954 1084 2291 1166 quorum
2349 1060 2596 1137 altero
2653 1079 2827 1162 pars
2880 1076 3200 1160 utraque
3247 1056 3372 1130 uti-

1104 1192 1231 1249 tur
1271 1227 1293 1260 ,
1371 1171 1705 1250 alterum
1770 1170 2322 1250 accusatoribus
2374 1189 2677 1248 tantum
2754 1164 3191 1244 concess'um
3250 1163 3370 1241 est:

1100 1281 1532 1384 separemus
1575 1282 1930 1361 officium
1961 1279 2211 1360 dantis
2255 1280 2518 1363 testes,
2584 1283 2661 1358 &
2707 1276 3147 1355 refellentis.
3239 1279 3369 1373 Qii

1099 1392 1624 1473 voluntarium
1675 1392 2075 1497 producit,
2141 1391 2326 1470 scire
2368 1388 2553 1498 quid
2595 1392 2656 1468 is
2682 1385 3023 1466 disturus
3050 1385 3179 1467 fit,
3223 1407 3372 1490 pot-

1095 1502 1207 1581 est
1230 1533 1253 1580 2
1325 1499 1656 1610 ideoque
1713 1501 2142 1582 faciliorem
2213 1498 2516 1581 videtur
2566 1502 2648 1579 in
2706 1496 3058 1603 rogando
3118 1497 3374 1575 habere

1087 1615 1499 1692 rationem.
1598 1611 1744 1692 Sed
1796 1612 1957 1690 haec
2020 1637 2333 1718 quoque
2370 1636 2544 1718 pars
2590 1634 2916 1689 acumen
2952 1613 3032 1688 ὅ(
3083 1608 3378 1714 vigilan·

1097 1725 1290 1800 tiam
1336 1722 1618 1827 postit:
1711 1719 2484 1828 providendumque,
2550 1749 2647 1799 ne
2704 1718 3065 1807 timidus,
3129 1746 3227 1796 ne
3284 1723 3374 1794 in-

1088 1832 1483 1921 constanS,
1550 1858 1648 1911 ne
1688 1831 2135 1937 imprudens
2185 1832 2388 1911 testis
2440 1830 2547 1910 fit.
2642 1832 3089 1910 Turbantur
3136 1833 3365 1911 enirn,

1087 1946 1173 2020 δε
1227 1968 1269 2018 a
1317 1945 1656 2046 patronis
1708 1938 2024 2023 diversae
2073 1946 2306 2048 partis
2381 1938 2809 2022 induuntur
2859 1945 2939 2020 in
2979 1941 3368 2047 laqueum:

1092 2055 1178 2132 &
1238 2051 1409 2156 plus
1464 2050 1916 2158 deprehensi
1973 2076 2258 2132 nocent
2282 2108 2302 2143 ,
2367 2080 2606 2160 quam
2666 2052 2877 2131 firmi
2930 2057 3010 2132 &
3067 2054 3376 2131 interriti

1091 2159 1564 2270 profuissent.
1656 2162 2005 2244 Multum
2058 2166 2290 2270 igitur
2352 2162 2571 2243 domi
2638 2187 2814 2242 ante
2865 2162 3246 2255 versandi3
3304 2184 3375 2240 ac

1093 2274 1328 2369 variis
1368 2275 2073 2382 percontationibus
2097 2329 2120 2364 ,
2186 2274 2449 2382 quales
2518 2275 2777 2353 baberi
2818 2275 2911 2353 ab
2969 2272 3376 2355 adversario

1094 2381 1448 2490 possunt,
1511 2384 1968 2490 explorandi
2006 2383 2194 2464 sunt.
2312 2389 2432 2468 Sic
2482 2384 2572 2464 fit
2620 2408 2703 2463 ut
2754 2407 2883 2463 aut
2920 2383 3270 2465 constent
3303 2381 3378 2461 fi-

1101 2496 1230 2584 bi,
1269 2517 1398 2575 aut
1442 2494 1688 2604 siquid
1748 2497 2287 2586 titubaverint,
2360 2521 2799 2604 opportuna
2854 2494 3107 2577 rursus
3160 2500 3308 2596 ejus
3341 2520 3380 2573 a

1104 2631 1268 2712 quo
1324 2605 1683 2711 producti
1737 2607 1950 2698 sunt,
2008 2611 2613 2713 interrogatione
2666 2607 2875 2690 velut
2938 2611 3020 2685 in
3069 2608 3378 2714 gradum

1101 2741 1599 2823 reponantur.
1730 2722 1816 2795 ln
1870 2719 1988 2797 his
2040 2743 2355 2825 quoque
2412 2717 2660 2797 adhuc
2722 2722 2855 2825 qui
2913 2720 3381 2798 constiterint

1098 2826 1279 2918 fibi,
1364 2825 1698 2907 vitanda:
1753 2827 1926 2907 sunt
1979 2826 2287 2908 insidiae.
2417 2856 2600 2908 nam
2640 2829 3085 2935 frequenter
3147 2829 3381 2930 subjici

1091 2937 1203 3017 ‘ab
1240 2936 1667 3021 adversario
1705 2936 1995 3026 solent,
2051 2943 2128 3017 ὅ(
2156 2941 2421 3016 omnia
2455 2939 2858 3047 profutura
2884 2940 3223 3047 polliciti
3246 2939 3384 3032 ,di-

1102 3050 1318 3130 versa
1353 3046 1846 3155 respondent,
1875 3054 1954 3130 &
1985 3050 2519 3129 auctoritatem
2577 3050 2859 3131 habent
2897 3079 3060 3131 non
3086 3076 3387 3159 arguen-

1104 3163 1304 3239 tium
1372 3161 1542 3248 illa,
1606 3159 1734 3239 sed
1819 3158 2381 3240 confitentium.
2512 3163 3100 3267 Explorandum
3171 3162 3386 3270 igitur

1101 3297 1294 3378 quas
1337 3271 1588 3351 causas
1624 3269 1950 3352 laedendi
1986 3269 2494 3353 adversarium
2535 3272 2889 3352 afferant:
2969 3301 3117 3353 nec
3177 3273 3260 3354 id
3298 3272 3386 3353 sat

1099 3382 1213 3459 est
1246 3385 1601 3460 inimicos
1631 3381 1877 3466 fuisse,
1914 3381 2041 3464 sed
2074 3411 2172 3463 an
2204 3382 2603 3469 desierint,
2644 3410 2740 3465 an
2779 3411 2920 3491 per
2952 3385 3109 3464 hoc
3151 3385 3387 3492 ipsum

1096 3492 1579 3573 reconciliari
1643 3490 1932 3585 velint,
1987 3519 2087 3574 ne
2145 3498 2489 3601 corrupti
2542 3494 2726 3588 sint,
2780 3525 2880 3576 ne
2941 3501 3391 3602 poenitentia

1097 3601 1582 3708 propositum
1635 3609 2124 3685 mutaverint.
2223 3605 2462 3704 Qiod
2519 3635 2700 3687 cum
2759 3613 2843 3687 in
2892 3611 2977 3686 iis
3037 3635 3393 3718 quoque,

1083 3739 1219 3819 qui
1261 3741 1346 3791 ea
1386 3740 1556 3820 quae
1606 3712 1881 3795 disturi
1926 3714 2320 3807 videntur,
2385 3744 2649 3800 revera
2703 3718 2988 3802 sciunt,
3044 3719 3388 3799 necessa-

1088 3827 1296 3904 rium
1371 3824 1482 3904 est
1533 3850 2004 3929 praecavere:
2096 3852 2267 3909 tum
2313 3828 2571 3910 multo
2620 3832 2862 3938 magis
2897 3833 2987 3910 in
3026 3832 3117 3910 iis
3153 3837 3289 3938 qui
3328 3827 3393 3907 si:

1097 3932 1435 4017 dicturos
1485 3962 1660 4044 quae
1709 3936 1889 4019 falsa
1938 3938 2151 4034 sunt,
2205 3941 2693 4060 pollicentur.
2847 3947 3093 4022 Nam.
3135 3948 3216 4023 &
3264 3942 3395 4019 fre-

3027 4057 3393 4156 quentior
