3557 5113
172 262 189 281 ⁶
260 253 495 427 De
540 234 980 463 Instit.
1066 257 1791 448 Oratoria,
1850 253 2147 418 Lib.
2193 158 2372 422 11}
2612 299 2781 413 79

183 605 285 664 ter
337 584 631 667 deserat
682 606 856 664 eam
907 606 1229 691 partem
1259 587 1680 675 rhetorices
1733 584 2151 687 institutio,
2207 621 2445 709 quam
2472 615 2600 695 CA
2628 636 2690 693 v.
2741 616 2794 693 Ι.
2875 670 2878 677 .

187 702 253 778 &
277 702 608 804 primam
649 696 956 787 habuit,
1020 704 1099 777 ὅ(
1146 698 1282 780 diu
1327 701 1586 782 solam.
1668 705 1880 809 Quid
1919 732 2178 789 autem
2204 713 2313 791 est
2343 741 2446 797 ex

180 810 258 911 ijs
315 809 407 889 de
482 808 765 918 quibus
836 806 1055 914 snpra
1110 808 1329 903 dixi,
1416 814 1633 921 quod
1696 844 1861 897 non
1921 847 2104 900 cum
2165 826 2245 900 in
2299 823 2444 906 alia

185 944 326 1029 quae
369 919 542 1001 fimt
600 920 1004 1001 rhetorum
1055 927 1411 1027 propria,
1480 946 1653 1006 turn
1690 949 1900 1009 certe
1957 934 2040 1010 in
2095 932 2289 1013 ill'ud
2325 938 2442 1037 ju-

183 1031 417 1112 diciale
479 1032 756 1134 cauffae3
791 1054 1030 1136 genus
1072 1032 1419 1113 incidat?
1512 1043 1641 1117 An
1699 1066 1860 1118 non
1919 1044 2002 1121 in
2043 1044 2224 1124 foro
2272 1073 2438 1125 nara

183 1143 477 1223 randum
531 1143 687 1223 est?
778 1161 932 1248 qua
971 1146 1052 1223 in
1110 1167 1327 1251 parte
1376 1147 1631 1228 nescio
1691 1176 1788 1228 an
1855 1149 1947 1230 fit
2013 1154 2141 1234 vel
2198 1155 2436 1262 pluri-a

183 1278 392 1334 mum.
506 1260 796 1335 Nonne
836 1252 997 1332 laus
1052 1279 1137 1334 ac
1176 1259 1644 1362 vituperatio
1696 1265 2236 1345 certaminibus
2282 1267 2432 1350 illis

184 1366 594 1475 frequenter
642 1361 1040 1446 inseritur?
1116 1372 1304 1447 Non
1344 1394 1801 1449 communes
1855 1372 2054 1453 loci?
2107 1373 2259 1456 five
2293 1384 2447 1484 qui·

186 1476 339 1556 sunt
380 1481 455 1556 in
530 1480 721 1558 vitia
773 1472 1038 1554 diresti
1080 1523 1104 1565 ‚
1181 1481 1443 1585 quales
1503 1479 1833 1586 legimus
1927 1512 1970 1563 a
2054 1489 2434 1568 Cicerone

185 1587 657 1693 compofitos:
750 1583 878 1665 seu
944 1586 1215 1694 quibus
1261 1588 1710 1697 quaestiones
1752 1595 2216 1699 generaliter
2285 1618 2436 1678 tras

184 1699 447 1778 &antur
472 1755 501 1790 ,
563 1697 828 1807 quales
883 1696 1051 1777 sunt
1106 1697 1309 1780 -editi
1374 1729 1417 1780 a
1487 1702 1786 1805 Qinto
1857 1731 2170 1815 quoque
2231 1713 2438 1788 Hora

182 1810 424 1891 tenfio:
523 1834 627 1891 ut
659 1867 684 1899 ,
759 1805 851 1886 fit
1057 1812 1253 1892 arvis
1296 1817 1764 1919 argumentis
1814 1814 2316 1910 credendum,
2359 1828 2440 1902 δε

182 1944 306 2027 pro
363 1920 671 2003 testibus
710 1975 736 2010 ,
797 1836 1054 1999 &n'esso
1083 1921 1303 2003 testes
1346 1978 1371 2013 ‚
1458 1926 1541 2002 in
1612 1925 1890 2031 medijs
1948 1926 2208 2008 litium
2274 1958 2441 2012 me-

182 2026 372 2114 dunis
440 2032 869 2115 versantur.
1024 2036 1271 2112 Arma
1348 2033 1518 2114 funt
1602 2036 1764 2117 haec
1840 2038 2438 2146 quodammodo

178 2143 634 2253 praeparanda
679 2144 1025 2249 semper,
1082 2166 1181 2222 ut
1244 2146 1359 2224 his
1389 2200 1413 2234 ,
1477 2172 1660 2224 curn
1725 2170 1844 2227 res
1890 2148 2151 2255 poscet
2183 2207 2206 2241 ,
2274 2174 2438 2232 uta-

176 2259 279 2335 ris.
381 2262 573 2359 Qae
637 2259 771 2363 qui
832 2258 1219 2361 pertinere
1270 2254 1368 2336 ad
1417 2261 1852 2336 orationem
1892 2282 2056 2340 non
2107 2264 2436 2368 putabit,

174 2368 233 2445 is
289 2395 377 2445 ne
437 2368 758 2448 stamam
833 2364 1152 2474 quidem
1218 2368 1563 2446 inchoari
1632 2366 1895 2448 credet
1933 2424 1957 2459 ‚
2023 2397 2203 2451 eum
2273 2375 2433 2476 ejus

172 2480 494 2561 membra
535 2477 978 2560 fimdentur.
1120 2483 1396 2588 Neque
1446 2479 1643 2559 hanc
1724 2489 1868 2568 (ut
1921 2479 2153 2590 aliqui
2209 2506 2430 2590 puta-2

172 2588 381 2688 bunt)
431 2591 1006 2671 festinationem
1052 2611 1318 2669 meam
1371 2590 1472 2671 fic
1536 2590 1941 2700 quisquam
2011 2593 2444 2676 calumnie--

176 2719 316 2792 tur,
362 2725 746 2811 ‘tanquam
783 2729 966 2781 eum
1012 2705 1148 2807 qui
1204 2700 1296 2780 s1t
1333 2702 1631 2782 rhetori
1669 2702 2123 2797 tradendum,
2187 2705 2434 2786 abdo-›-

178 2813 453 2894 cendum
500 2815 873 2922 protinus
916 2841 963 2892 a
1013 2816 1559 2921 'Grammaticis
1611 2836 1906 2920 putem.
2014 2815 2424 2897 Dabuntur

174 2921 291 3004 iffis
338 2950 496 3007 tum
552 2952 883 3035 quoque
940 2946 1293 3030 tempora
1336 2923 1495 3004 sua:
1534 3017 1540 3024 ἡ
1588 2949 1842 3034 neque
1905 2930 2054 3006 erit
2152 2954 2424 3010 veren-

168 3030 329 3114 dum
356 3095 378 3129 ,
430 3066 532 3118 ne
591 3039 801 3117 binis
853 3035 1446 3141 praeceptoribus
1493 3059 1859 3116 oneretur
1907 3058 2120 3143 puer⁴
2233 3043 2421 3122 Non

166 3150 344 3226 enim
389 3150 683 3231 crescet
712 3203 738 3238 ‚
802 3145 935 3226 sed
975 3144 1361 3227 dividetur
1409 3150 1567 3253 qui-
1594 3146 1727 3226 sub
1765 3168 1926 3225 uno
1966 3147 2434 3229 miscebatur

166 3252 388 3338 labor:
479 3268 561 3343 ὅ(
626 3262 783 3339 erit
833 3256 963 3337 suix
995 3256 1313 3366 quisque
1364 3258 1622 3366 operis
1684 3255 2044 3364 magister
2102 3257 2366 3339 utilior
2394 3287 2428 3340 τ

172 3367 333 3472 quod
364 3371 611 3453 adhuc
676 3371 1033 3450 obtinent
1066 3371 1367 3448 Graeci:
1459 3397 1504 3449 a
1541 3369 1837 3447 Latinis
1880 3367 2240 3448 omiss'um
2268 3370 2426 3451 este

175 3479 396 3661 {gtfieri
446 3482 773 3566 videtur
845 3479 1191 3561 excusate
1227 3530 1252 3571 ,
1317 3482 1508 3587 quia·
1568 3478 1741 3560 sunt
1801 3477 1934 3587 qui
2005 3479 2252 3561 labori
2299 3480 2425 3566 isti

205 3595 626 3676 uccess'erunt.
1764 3601 1767 3603 ’

365 3847 685 3928 ERGO
753 3865 942 3926 cum
1011 3835 1109 3925 ad
1163 3845 1284 3924 eas
1340 3841 1421 3924 in
1483 3833 1742 3952 studijs
1794 3845 1994 3930 vires
2040 3819 2667 3956 pervene-Cap,
2716 3864 2824 3957 11,¹

158 3948 243 4027 rit
271 3977 481 4057 puer,
538 3984 632 4039 ut
689 3984 876 4065 quae
934 3960 1183 4060 prima
1217 3956 1360 4035 esse
1471 3979 1797 4066 raecepta
1835 3959 2244 4039 rhetorum
2297 3959 2424 4039 dia*

151 4087 361 4161 ,nmus
381 4123 406 4162 ,
463 4087 759 4175 mente
821 4064 1181 4178 consequi
1226 4091 1372 4263 poL
1485 4123 1510 4160 ,
1574 4062 1987 4181 tradendus
2031 4071 2189 4175 ejus
2232 4067 2414 4265 {Sais
