3557 5113
310 194 550 360 De
582 171 1021 440 ''ff‘-
1053 119 1768 364 oratoria,
1805 101 2355 352 Libjxl.
2532 202 2821 408 ‘695
2898 411 2907 429 ὁ
2997 119 3007 156 ’

209 505 457 590 erebra
483 565 505 594 .
539 512 619 589 &
659 509 903 618 inepti
943 503 1056 589 est
1102 504 1447 589 hominis
1485 560 1510 600 ,
1570 513 1650 590 ὁ(
1690 506 1965 591 delinit
2007 510 2344 612 judicem
2388 516 2473 597 in
2511 504 2695 580 Can.
2721 505 2839 580 ΠΙ·

210 621 280 702 se
317 641 782 702 convertere.
874 618 999 700 Est
1032 622 1112 700 δε
1150 617 1277 698 illa
1313 619 1672 701 indecora
1710 626 1795 700 in
1817 622 2184 704 dextrum
2219 651 2306 705 ac
2342 626 2472 708 lae-

209 730 630 815 vum-latus
684 731 1071 816 vacillatio
1134 785 1159 822 ,
1210 728 1519 812 alternis
1567 733 1890 838 pedibus
1941 733 2468 819 infistentium.

206 841 673 950 Longissime
707 919 712 925 .
742 841 1105 951 fugienda
1166 842 1426 923 mollis
1475 843 1707 928 astio,
1765 844 2077 952 qualem
2116 857 2201 926 in
2235 850 2479 956 Tityo

208 961 468 1039 Cicero
517 953 703 1035 dicit
741 955 953 1036 fuisse
983 1010 1007 1046 ,
1067 950 1270 1033 unde
1320 958 1555 1035 etiam
1607 955 2016 1038 saltationis
2064 957 2463 1066 quoddam

203 1095 432 1177 genus
469 1076 699 1179 Yityus
747 1066 839 1149 fit
885 1065 1375 1174 appellatum.
1493 1067 2166 1172 Reprehendenda
2226 1071 2364 1166 est⁴
2398 1077 2478 1152 &

203 1180 327 1272 illa
379 1179 737 1287 frequens
772 1184 852 1262 δε
897 1181 1276 1259 concitata
1331 1180 1413 1257 in
1465 1198 1876 1287 utramque
1913 1203 2212 1285 partem
2257 1185 2474 1262 nuta'-

208 1295 314 1372 tio
336 1347 357 1383 ,
399 1317 635 1398 quam
671 1294 750 1370 in
786 1292 1143 1372 Curione*
1161 1310 1377 1393 patre
1410 1288 1634 1368 irrifit
1672 1296 1749 1371 ὃ(
1780 1290 2051 1398 Junius
2074 1346 2097 1382 ,
2129 1318 2477 1397 quaerens

205 1410 356 1515 qus&
374 1411 453 1482 in
476 1407 697 1484 lintre
718 1407 1133 1514 loqueretur.
1161 1406 1238 1482 ὅ(
1264 1406 1348 1480 C.
1367 1398 1726 1481 Sicinius:
1748 1429 1932 1479 nam
1957 1429 2135 1482 cum
2158 1401 2473 1483 affiden-

199 1540 283 1619 ,τε
304 1514 619 1621 collega,
653 1517 787 1623 qui
825 1536 987 1594 erat
1029 1534 1352 1620 propter
1384 1509 1919 1602 valetudinem
1950 1518 2029 1594 ὅ(
2077 1512 2481 1620 deligatus.

121 1641 134 1648 “
199 1632 283 1729 ἀ
305 1626 639 1732 plurimis
676 1625 1278 1711 medicamentls,
1296 1646 1624 1735 propter
1643 1622 2007 1716 dolorem
2028 1624 2481 1735 artuum-de-

198 1738 475 1819 libutus
503 1793 527 1830 ,
590 1737 934 1820 multum
983 1736 1056 1816 se
1107 1738 1347 1817 Curio
1405 1762 1501 1814 ex
1553 1763 1780 1824 more
1829 1734 2161 1836 jastasset
2194 1793 2219 1829 ,
2256 1751 2466 1817 Nun-

193 1879 408 1964 quam
428 1907 450 1941 ‚
511 1853 761 1959 inquit
780 1907 802 1941 ‚
847 1855 1099 1930 olla-vi
1112 1904 1134 1933 ‚
1173 1850 1423 1956 coffegae
1454 1870 1574 1936 tuo
1592 1855 1925 1958 gratiam
1960 1850 2220 1956 refi’res
2238 1884 2264 1927 .·
2333 1856 2467 1958 qui

194 1962 334 2072 nisi
343 1960 624 2070 fl‘fffi’t’
670 1959 877 2040 hodie
908 1984 978 2042 te
1002 1962 1147 2064 ῥβὶε
1188 1958 1421 2064 muſsae
1455 1956 1902 2066 comedff‘nt.
1959 1959 2353 2067 Jat‘lantur
2383 1965 2466 2040 ὅ(

192 2075 539 2174 humeri:
600 2070 818 2179 quod
853 2072 1125 2152 vitium
1151 2066 1712 2149 Demosthenes
1749 2067 2172 2162 itadicitur
2206 2065 2472 2170 emen-

191 2183 436 2270 daffe,
495 2203 580 2264 ut
621 2211 802 2263 cum
839 2186 920 2261 in
967 2178 1284 2287 angusto
1317 2178 1662 2286 quodam
1707 2180 2012 2285 pulpito
2040 2181 2240 2261 stans
2279 2182 2478 2263 dice·

191 2319 315 2379 ret
353 2354 375 2388 ,
446 2295 653 2376 hasta
703 2294 1042 2374 humero
1082 2290 1525 2399 dependens
1574 2293 2076 2371 immineret:
2143 2314 2229 2372 ut
2265 2291 2320 2372 ss
2362 2320 2485 2372 ca-

189 2411 361 2516 lore
430 2403 738 2487 dicendi
796 2407 1039 2488 vitare
1099 2402 1183 2483 id
1258 2400 1652 2485 excidisset
1693 2457 1719 2493 ,
1791 2400 2297 2483 offensatione
2352 2402 2482 2482 illa

137 2580 144 2585 »
189 2541 854 2605 commoneretur.
932 2514 1487 2596 Ambulantem
1511 2512 1730 2622 loqui
1756 2516 1857 2594 ita
1893 2512 2215 2594 demum
2252 2541 2487 2621 opor-

189 2656 307 2716 tet
355 2637 434 2712 in
482 2630 712 2712 caulis
777 2626 1116 2736 publicis.
1133 2682 1156 2720 ,
1216 2630 1297 2707 in
1336 2626 1609 2735 quibus
1653 2626 1889 2714 multi
1927 2625 2101 2706 sunt
2146 2625 2478 2728 judices,

186 2745 247 2827 fi
292 2742 502 2852 quod
532 2741 862 2824 dicimus
893 2795 918 2832 ,
964 2736 1173 2848 quast
1220 2736 1534 2846 lingulis
1570 2735 1947 2820 inculcare
1989 2737 2483 2847 peculiariter

185 2856 538 2941 velimus.
678 2851 876 2933 Illud
922 2879 1113 2934 vero
1157 2878 1321 2931 non
1364 2847 1773 2930 ferendum
1813 2905 1841 2956 ³.
1904 2850 2121 2957 quod
2158 2850 2481 2959 quidam

180 2970 472 3072 rejeQa
529 2969 612 3047 in
646 2964 1064 3071 humerum
1117 2981 1344 3068 toga,
1409 2988 1590 3043 cum
1634 2960 1906 3041 dextra
1947 2961 2202 3042 finum
2244 2961 2481 3066 usque

179 3079 291 3164 ad
354 3078 664 3161 lumbos
735 3073 1206 3156 reduxerunt
1250 3069 1306 3157 ,'
1348 3068 1636 3152 finistra
1727 3070 2031 3177 gestum
2111 3072 2475 3168 facientes

175 3192 656 3301 spatiantur,
726 3192 804 3271 δι
828 3183 1264 3267 fabulantur
1296 3212 1315 3261 ε
1383 3208 1558 3262 cum
1583 3183 1817 3267 etiam
1850 3180 2127 3263 laevam
2173 3176 2474 3277 restrin-

125 3364 136 3380 ..
173 3332 377 3414 gere
418 3291 719 3410 prolata
753 3298 1057 3406 longius
1104 3294 1376 3377 dextra
1413 3290 1506 3375 sit
1561 3290 1939 3373 odiosum.
1977 3377 1984 3383 ,
2022 3292 2249 3377 Unde
2301 3322 2473 3375 rno-

179 3441 395 3501 neor
432 3437 514 3496 ut
551 3439 651 3496 ne
689 3411 769 3494 id
808 3410 1126 3519 quidem
1147 3405 1520 3489 transeam
1566 3403 2036 3511 ineptiffime
2074 3404 2268 3496 fieri,
2295 3433 2479 3488 cum

183 3528 409 3610 inter
448 3551 704 3610 moras
768 3521 1297 3604 laudationum
1355 3539 1481 3598 aut
1538 3520 1618 3596 in
1664 3544 1937 3598 aurem
1991 3515 2298 3618 alicujus
2356 3518 2469 3602 Ιο-

177 3660 589 3746 quuntur,
650 3657 781 3717 aut
825 3664 1005 3716 cum
1061 3630 1440 3729 sodalibus
1484 3633 1881 3730 jocantur,
1936 3648 2068 3709 aut
2124 3654 2482 3710 nonnun-

172 3776 438 3859 quam
473 3749 568 3830 ad
605 3748 955 3829 librarios
1009 3747 1180 3828 suos
1233 3750 1339 3824 ita
1396 3740 1813 3848 respiciunt
1850 3796 1876 3832 ,
1936 3764 2020 3823 ut
2051 3739 2479 3849 sportulam
2562 3826 2565 3829 ,

163 3861 490 3950 distare
529 3859 949 3946 videantur.
1060 3856 1412 3941 Inclinari
1453 3852 1551 3935 ad
1572 3854 1909 3952 judicem
1949 3880 2131 3937 cum
2167 3854 2484 3941 doceas,

161 3977 460 4090 utique
497 3972 558 4058 fi
598 3971 685 4057 id
744 3971 844 4058 de
876 3997 1037 4085 quo
1069 3969 1410 4082 loquaris
1454 3964 1545 4045 fit
1584 3967 1969 4055 obscurius
1994 4024 2017 4056 ,
2044 3966 2296 4050 decet.
2363 3968 2486 4044 ln.

1311 4084 1361 4164 S
1380 4102 1413 4160 s
1435 4102 1470 4161 s
1491 4104 1525 4161 s
1573 4101 1611 4177 3
2249 4098 2474 4171 eumq
