3557 5113
648 283 888 409 590
1163 254 1178 268 ’
1241 256 1402 363 Μ.
1472 259 1897 394 [Faassn
1988 241 2362 386 Quin
2411 239 3099 390 Guttam*

574 593 802 685 θὴρ
839 604 870 680 1
953 573 1103 652 2mi
1146 566 1396 657 Laelii,
1433 567 1823 646 orationes
1864 560 2329 664 ferebantur.
2418 559 2751 669 ssNeq'ue-
2780 558 2862 641 id
2903 557 3181 638 statim
3216 553 3329 634 lea

785 660 806 686 ⁶
874 660 894 681 ’
967 686 1217 790 *genti
1249 678 1684 788 persuasum
1713 676 1826 761 sit,
1864 679 2139 755 omnia
2180 702 2351 782 quae
2389 677 2673 782 magni·
2699 674 3057 753 auetores
3088 668 3321 748 dixe-

994 799 1197 886 rint,
1242 796 1509 899 utique
1545 790 1688 870 esse
1723 788 2084 895 perfetta.
2175 793 2386 868 Nam
2442 792 2519 867 &
2554 778 2912 866 labuntur
2951 786 3320 890 aliquan-

1003 908 1137 997 do,
1178 914 1257 987 ὅ(
1293 907 1516 984 oneri
1558 902 1969 991 cedunt,&
2005 896 2413 1006 indulgent
2447 900 2942 1004 ingeniorum
2984 895 3316 976 suorum

1004 1019 1390 1123 voluptati
1428 1046 1450 1095 ε
1495 1043 1640 1095 nec
1687 1013 1995 1119 semper
2022 1008 2452 1091 intendunt
2489 1013 2837 1091 animum
2869 1064 2896 1100 ‚
2935 1034 3323 1088 nonnuna

1005 1155 1247 1239 quam
1327 1129 1746 1233 fatigantur
1802 1162 1824 1203 .-
1858 1152 2057 1204 <cum
2096 1125 2461 1204 Ciceroni
2515 1123 2940 1202 dormitare
2988 1119 3321 1200 interim

1003 1240 1615 1330 Demosthenes,
1655 1240 1993 1318 Horatio
2036 1264 2227 1317 vero
2266 1240 2507 1314 etiam
2550 1240 2949 1314 Homerus
3002 1233 3171 1342 ipse
3204 1236 3319 1312 vi-

1008 1352 1344 1436 deatur.·
1417 1355 1721 1432 Summi
1761 1353 1975 1429 enim
2030 1348 2664 1465 suntsshorrgines
2727 1370 3000 1426 tamen
3046 1377 3071 1424 ι
3119 1345 3311 1424 acci·

1011 1464 1283 1573 ditque
1304 1468 1395 1548 iis
1414 1466 1553 1571 qui
1578 1459 1947 1571 quicquid
1978 1458 2197 1565 apud·
2225 1458 2396 1539 illos
2420 1462 2826 1566 reperitur,
2862 1457 3191 1537 dicendi
3207 1456 3313 1535 le-
3346 1457 3363 1548 J

1009 1605 1198 1685 gem
1235 1600 1538 1683 putant,
1570 1598 1654 1653 ut
1679 1573 2064 1653 deteriora
2084 1576 2497 1653 imitentur
2521 1570 2647 1666 (id
2679 1576 2893 1651 enim
2915 1570 3035 1649 est
3073 1568 3348 1650 facili-'

1012 1703 1217 1785 us)ac
1253 1689 1327 1767 se
1361 1684 1659 1768 abunde
1679 1684 1962 1764 ssmiles
1982 1705 2252 1789 putent
2274 1740 2297 1774 ,
2319 1683 2377 1764 sl
2408 1687 2599 1767 vitia
2624 1711 3097 1790 magnorum
3131 1709 3320 1763 con-

951 1801 955 1805 ’
1007 1799 1433 1906 sequantur.
1549 1796 1900 1878 Modeste
1958 1817 2221 1875 tamen
2281 1802 2361 1878 ὅ(
2413 1796 2974 1902 circumspeeto
3012 1794 3305 1894 judicio

1005 1911 1104 1992 de
1137 1914 1368 1992 ⁴tantis
1399 1912 1583 1991 viris
1619 1906 2299 2015 pronunciandum
2333 1908 2473 2000 est,
2494 1937 2598 1990 ne
2630 1908 2902 2018 (quod
2921 1904 3293 2014 plerisque

1006 2019 1286 2104 accidit
1309 2019 1964 2129 {damnentssquae
1996 2027 2157 2100 non
2202 2019 2669 2127 intelligunt.
2758 2027 2881 2100 Ae
2916 2020 2971 2100 fi
3009 2016 3301 2099 necess'e

1008 2133 1119 2212 est
1163 2136 1245 2212 in
1281 2134 1606 2215 alteram
1646 2162 1901 2214 errare
1943 2156 2285 2239 partem,
2342 2137 2612 2213 omnia
2656 2160 2932 2213 eorum
2985 2132 3308 2238 legenti·

1005 2244 1151 2338 bus
1186 2243 1526 2351 placere,-
1587 2274 1821 2352 quam
1862 2247 2106 2324 multa
2147 2241 2550 2352 displicere
2573 2245 3010 2327 maluerim.
3084 2244 3315 2330 Pluri-=

1003 2386 1228 2442 mum
1272 2356 1457 2437 dicit
1495 2364 1795 2438 oratori
1848 2358 2221 2437 -eonferre
2272 2357 2846 2463 Theophrastus
2887 2356 3311 2437 [efflonem

1003 2477 1454 2575 poetarum:
1501 2469 1886 2578 multique
1932 2473 2097 2571 ejus,
2128 2467 2505 2567 judicium·
2528 2468 2948 2578 sequuntur
2988 2507 3015 2546 .·
3054 2494 3315 2577 neque

1004 2584 1433 2660 immerito.
1557 2587 1920 2689 Namque
1965 2584 2061 2661 ab
2099 2581 2218 2660 his
2254 2586 2333 2662 &
2368 2584 2450 2660 in
2494 2583 2715 2663 rebus
2743 2583 3082 2690 spiritus²
3120 2587 3202 2662 δ(
3232 2590 3313 2661 in

1001 2694 1257 2774 verbis
1304 2692 1759 2778 sublimitas,
1806 2700 1883 2774 ὅ(
1913 2696 1990 2771 in
2034 2690 2425 2772 affeffibus
2468 2718 2727 2774 motus
2766 2697 3031 2775 omnis
3062 2748 3087 2786 ‚
3128 2701 3208 2775 &
3233 2698 3314 2773 in

1005 2803 1353 2910 personis
1394 2802 1631 2885 decor
1669 2810 1993 2910 petitur,
2020 2810 2550 2911 praecipueque
2569 2808 2782 2886 velut
2816 2810 3085 2886 attrita
3121 2833 3314 2912 quo-

1007 2914 1306 2999 tidiano
1396 2917 1568 2995 adiu
1607 2914 1903 2995 fonensi
1964 2920 2319 3021 ingenia,
2369 2920 2668 3022 optime
2706 2946 2975 2998 rerum
3004 2916 3315 2999 'talium

1009 3025 1379 3107 blanditia
1423 3052 1894 3132 reparantur.
1997 3027 2449 3136 Ideoquein
2487 3029 2630 3109 hac
2655 3029 2986 3111 lestione
3028 3036 3311 3112 Cicero

1006 3137 1641 3246 requiescendum
1688 3161 1927 3246 putat.
2036 3143 2623 3221 Meminerimus
2666 3165 2929 3224 tamen
2960 3173 3137 3224 non
3178 3171 3311 3250 per

1009 3255 1278 3331 omnia
1324 3261 1585 3355 po'e'tas
1618 3251 1765 3332 effe
1834 3255 2130 3332 oratori
2193 3250 2622 3358 sequendos
2677 3314 2699 3341 ‚
2767 3285 2909 3336 nec
2954 3256 3313 3338 libertate

1006 3365 1458 3451 verborum,
1482 3391 1625 3444 nec
1672 3366 1978 3445 licentia
2010 3363 2464 3468 figurarum,
2494 3387 2902 3476 totumque
2939 3368 3139 3449 illud
3174 3368 3316 3448 stu-

1009 3472 1327 3553 diorum
1428 3501 1666 3581 genus
1729 3477 2222 3559 ostentationi
2288 3502 2826 3584 comparatum
2850 3539 2870 3573 ,
2914 3505 3207 3588 praeter
3238 3481 3316 3562 id

1016 3585 1233 3693 quod
1273 3585 1518 3666 solam
1556 3591 1751 3693 petit
1792 3590 2324 3694 voluptatem.
2365 3616 2721 3699 eamque,
2744 3593 3125 3701 fingendo
3150 3623 3311 3675 non

1011 3695 1195 3779 falla
1232 3695 1481 3779 modo
1520 3699 1652 3779 sed
1693 3705 1933 3780 etiam
1971 3700 2327 3808 quaedam
2367 3704 2887 3792 incredibilia,
2932 3708 3309 3798 senatur,

1006 3814 1452 3918 patrocinio
1481 3836 1793 3918 quoque
1834 3812 2089 3921 aliquo
2120 3814 2402 3916 juvari:
2427 3817 2645 3921 quod
2685 3819 2975 3927 alligati
3013 3821 3114 3903 ad
3151 3849 3304 3901 cer-

1010 3943 1174 4001 tam
1217 3918 1518 4024 pedum·
1562 3922 2085 4007 neceffitatem
2136 3982 2160 4018 ,
2247 3952 2410 4007 non
2451 3927 2756 4035 semper
2803 3939 3153 4040 propriis
3197 3931 3288 4011 uti

1007 4031 1338 4142 poffint5
1373 4032 1514 4141 sed>
1537 4033 1835 4149 depulfi
1868 4066 1912 4124 a
1944 4040 2157 4149 resta
2194 4041 2351 4155 xia,
2378 4042 2797 4154 >uccellano
2830 4046 2933 4154 ad
2981 4048 3294 4245 loqueg
