3557 5113
210 268 409 447 De
438 268 900 487 Instii.a
921 274 1655 479 oratoria,
1687 260 1982 424 Lib.
2015 262 2260 432 IX.
2384 475 2389 481 ³
2463 295 2703 411 549

140 595 259 675 lem
289 592 586 676 duarum
652 592 1201 672 sententiarum
1260 590 1387 674 vel
1442 590 1787 698 plurium
1843 590 2087 671 finem
2128 622 2145 670 ε
2198 584 2362 672 Noti
2388 609 2567 689 Cn.
2590 600 2717 702 111.

140 708 290 787 niodo
311 708 405 786 ad
427 708 741 814 sblutem
793 716 932 812 ejus
993 705 1571 814 extinguendam,
1602 705 1746 811 sid
1782 715 2002 785 etiam
2039 708 2358 815 gloriam

127 845 224 930 per
256 826 416 899 tales
436 827 635 899 ‘viros
667 820 1208 928 instingendam.
1289 822 1398 894 Ex
1441 818 1711 924 quibus
1761 817 1922 896 fere
1971 816 2165 907 sunt,
2192 843 2356 898 non

140 954 339 1010 tamen
365 955 441 1012 ut
479 931 781 1035 semper
818 932 1113 1010 ultimis
1154 928 1577 1029 consonent
1609 984 1631 1018 ,
1667 956 1840 1036 quae
1868 941 2196 1040 ’τρίκωλω
2237 929 2354 1009 di-

138 1066 305 1123 cunt:
331 1053 497 1125 Vicit
511 1043 859 1154 pudorem
894 1041 1117 1121 libido
1159 1097 1181 1131 ,
1223 1049 1549 1121 timorem
1600 1042 1911 1122 audacia
1940 1097 1961 1133 ‚
2007 1051 2356 1121 rationem

133 1165 401 1235 amentia.
491 1154 639 1236 Sed
671 1158 749 1233 in
791 1162 1194 1262 quaternas
1221 1181 1536 1261 quoque
1566 1182 1653 1232 ac
1680 1154 1937 1259 plures
1962 1155 2121 1234 haec
2156 1156 2358 1234 ratio

140 1270 223 1344 ire
243 1266 614 1347 sententias
632 1267 903 1373 potest.
961 1270 1073 1347 Fit
1108 1270 1345 1346 etiam
1389 1264 1693 1371 singulis
1741 1268 1992 1346 verbis
2056 1298 2072 1344 z
2138 1281 2358 1348 Heca-

143 1376 230 1467 ba,
250 1378 361 1458 hoc
374 1382 580 1471 dolet,
586 1389 813 1492 piget,
823 1381 1069 1489 pudet.
1111 1385 1213 1472 &3
1238 1376 1443 1456 Abiit
1462 1434 1480 1461 ,
1499 1379 1782 1489 exceffin
1821 1386 2051 1487 erupit
2074 1433 2096 1467 ,
2136 1381 2367 1479 evasit.

135 1491 423 1572 Tertium
457 1492 566 1573 est
603 1491 818 1599 quod
863 1497 945 1570 in
980 1490 1291 1570 eosdem
1320 1487 1525 1570 casus
1560 1490 1763 1568 cadit
1799 1546 1820 1580 ‚
1942 1486 2373 1587 ὁμοιόπΊωτ-σν

136 1597 373 1682 dicitur.
503 1602 651 1684 Sed
686 1629 943 1711 neque
988 1601 1232 1682 finem
1281 1601 1504 1680 habet
1546 1599 1871 1683 similem
1939 1605 2244 1711 (utique
2288 1607 2374 1683 in

133 1712 407 1795 eundem
447 1714 692 1806 finem
749 1718 967 1796 venit
1005 1713 1527 1811 ὁμοιοτὲλευτον)
1587 1718 1765 1820 quia
1802 1707 2229 1809 ὁμοιὸπΊωτον
2263 1715 2374 1795 est

136 1843 382 1906 tantum
423 1827 628 1909 casus
687 1825 948 1907 slmilis
993 1883 1016 1918 ‚
1074 1824 1365 1907 etiamfi
1411 1823 1800 1906 diffimilia
1852 1825 1998 1904 fint
2052 1836 2224 1935 quae
2247 1827 2411 1908 de-'

130 1933 492 2020 cimentur:
526 1968 672 2021 nec
711 1961 1010 2020 tantum
1051 1942 1134 2018 in
1174 1938 1333 2019 fine
1379 1937 2034 2043 deprehenditur,
2073 1938 2203 2018 sed
2246 1966 2367 2019 re-

128 2043 442 2149 spondent
466 2053 591 2133 vel
629 2056 884 2159 prima
931 2055 1134 2131 inter
1168 2051 1266 2143 se,
1311 2050 1437 2132 vel
1471 2049 1786 2137 mediis,
1822 2049 1946 2132 vel
1973 2055 2370 2132 extremis.-

126 2159 224 2235 vel
264 2168 472 2243 etiam
513 2172 974 2271 permutatis
1021 2165 1164 2255 his,
1205 2184 1293 2243 ut
1327 2162 1583 2242 media
1626 2166 1921 2267 primis,
1969 2171 2045 2246 ὃ(
2071 2163 2371 2246 summa

131 2271 356 2354 mediis
394 2277 1124 2360 accommodentur,
1180 2281 1258 2357 ὅ(
1310 2302 1771 2382 quocunque
1802 2277 2048 2357 modo
2073 2305 2380 2356 accom-

125 2382 381 2465 modari
423 2410 818 2496 poterunt.
881 2394 1074 2468 ‘Nec
1116 2390 1328 2467 enim
1374 2386 1681 2495 semper
1707 2389 2014 2494 paribus
2074 2387 2379 2496 syllabis

121 2494 362 2578 constat
377 2534 400 2576 .·
425 2522 509 2581 ut
534 2501 650 2581 est
685 2497 890 2609 apud
931 2501 1213 2581 Afrum
1233 2534 1256 2592 ‚-
1279 2498 1533 2608 Amiffb
1567 2526 1805 2611 nuper·
1826 2504 2141 2610 infilicis
2171 2504 2372 2595 aulae,

103 2602 163 2705 st
181 2636 296 2686 non
308 2613 612 2721 praestdio
647 2621 838 2694 inter
917 2618 1189 2694 ericula
1204 2671 1225 2697 ,
1271 2639 1512 2694 tamen
1519 2614 1789 2720 so'latio
1823 2622 1986 2694 ’νέα
2020 2623 2215 2697 inter
2242 2614 2374 2694 ad-

118 2723 294 2822 'verfi-
393 2730 495 2805 Ea
519 2753 716 2807 vero
759 2640 1123 2808 visentur
1159 2730 1495 2832 optima,
1541 2729 1620 2804 i'n
1664 2727 1939 2833 quibus
1977 2732 2191 2807 initia
2209 2727 2376 2807 sen·

121 2833 480 2915 tentiamm
522 2844 604 2920 &
639 2837 830 2918 fines
870 2837 1359 2918 consentiunt
1397 2869 1414 2917 τ
1448 2859 1536 2917 ut
1555 2838 1721 2929 hic,
1745 2840 2075 2949 prasidio,
2082 2834 2372 2947 filatio,

115 2941 190 3015 Et
223 2966 297 3023 ut
341 2948 534 3052 pede
573 2950 850 3030 fimilia
891 2949 1034 3029 sint
1068 3008 1089 3042 ‚
1146 2950 1550 3058 verbisque
1596 2951 1906 3056 paribus
1940 2952 2258 3034 cadant,
2298 2957 2380 3031 &

114 3052 356 3136 eodem
394 3060 740 3142 definant
778 3061 1045 3142 modo,
1104 3065 1354 3141 Etiam
1396 3082 1483 3142 ut
1518 3059 1711 3145 fint,
1775 3063 1990 3168 quod
2015 3063 2122 3142 est
2147 3089 2374 3171 quar-

117 3181 293 3260 tum,
337 3176 706 3255 membris
737 3173 1194 3281 aequalibuS,
1258 3171 1476 3279 quod
1511 3180 1833 3249 ἰσόκωλον
1867 3169 2142 3253 dicitur
2190 3205 2209 3252 :
2302 3181 2382 3252 Si

114 3303 422 3379 quantum
458 3294 542 3365 in
591 3317 767 3394 agro
804 3289 1100 3397 locistq'ue
1140 3287 1421 3391 desim&
1470 3286 1780 3366 audacia
1795 3289 2049 3394 potest,
2095 3298 2384 3370 tantum

114 3391 338 3491 infore
379 3421 600 3508 atque
627 3399 938 3506 judiciis
974 3400 1419 3507 impudentia
1457 3403 1769 3487 valerem
1810 3407 2120 3473 ἰσόκωλον
2140 3399 2269 3481 est,
2298 3404 2378 3478 δί

109 3497 492 3589 ‘mirsam
540 3511 796 3588 habet.
883 3525 1042 3590 Non
1074 3520 1318 3608 minus
1353 3519 1642 3606 nuncin
1677 3516 1883 3618 caqssae
1920 3512 2186 3591 cederet
2235 3527 2372 3591 Att-

105 3608 214 3684 lus'
263 3627 541 3700 cecinna
571 3633 776 3702 Sexti
808 3621 1064 3702 Ebutii
1095 3623 1562 3731 impudentiae,
1603 3653 1823 3731 qnam
1858 3647 2013 3703 tum
2056 3633 2136 3702 in
2170 3624 2385 3730 “visit-

108 3727 348 3804 ciendae
372 3737 537 3841 ceffit
565 3736 902 3822 audaciae3
928 3741 1249 3810 ι’τόκωλον
1280 3787 1302 3823 ,
1334 3729 1760 3831 ὁμοιόπΊωτον
1797 3793 1813 3817 ,
1887 3733 2392 3832 ὁμοιοτὲλευτσν,

100 3835 403 3920 Accedit
430 3849 508 3923 ὅ(
550 3874 656 3926 ex
692 3845 818 3924 ina
863 3846 1106 3952 figura
1158 3848 1426 3950 gratia,
1468 3873 1618 3952 qua
1650 3851 1973 3935 nomina
2015 3846 2175 3927 dixi
2219 3876 2392 3929 rnu-

105 3950 252 4026 tatis
281 3951 418 4033 cafl
440 3955 587 4037 bus
617 3960 889 4065 repeti:
913 3973 1076 4040 Non
1106 3965 1345 4037 minus·
1376 3958 1683 4048 cederet,
1724 3989 1942 4069 quam
1978 3963 2170 4072 ceffit.
2230 3960 2394 4039 Ad-

97 4053 226 4168 31μο
266 4065 786 4185 &peamau
817 4075 900 4178 §c
934 4066 1434 4184 ragoevopeaet‘oe
1472 4070 1583 4152 est
1597 4106 1625 4153 .·
1669 4081 2047 4163 Ncminem
2059 4070 2249 4184 poffl’
2270 4072 2383 4147 al-

1212 4193 1426 4285 Zzz
1490 4208 1530 4297 Ξ
2234 4183 2377 4283 ten}
