3557 5113
812 243 1068 360 '200

1421 227 1573 334 Μ.
1689 230 2060 335 FAnxi
2215 226 3171 361 chntmm

1036 589 1056 611 .
1159 519 1419 625 Negat
1472 513 1635 597 haec
1686 503 1832 599 esse
1887 518 2271 625 prooemia
2318 511 2725 597 Cornelius
2768 508 3015 594 Celsus
3035 563 3056 603 ‚
3088 510 3244 620 q‘uia
3264 506 3379 591 smt

1162 651 1383 709 extra
1432 628 1677 709 litem.
1808 628 1956 710 Sed
2004 655 2153 734 ego
2206 653 2389 708 cum
2450 627 2899 708 auctoritate
2972 623 3380 705 summorum
3449 667 3450 674 κ

1162 764 1567 822 oratorum
1613 744 1861 846 magis
1888 738 2171 830 ducor,
2208 760 2394 818 tum
2429 739 2816 845 pertinere
2862 735 2959 819 ad
2995 735 3259 816 causam
3276 761 3381 838 pu-

1162 875 1296 943 to,
1336 850 1705 959 quicquid
1760 851 1859 931 ad
1899 850 2292 932 dicentem
2349 853 2726 956 pertinet:
2793 878 2971 930 cum
3015 846 3098 928 fit
3144 868 3387 925 natura-

1165 962 1242 1043 le
1265 1018 1287 1055 ‚
1339 988 1425 1043 ut
1453 962 1740 1065 judices
1783 966 1875 1042 iis
1943 988 2138 1069 quos
2180 961 2541 1043 libentius
2596 959 2956 1048 audiunt,
3010 963 3221 1040 etiam
3252 956 3383 1035 faci·

1017 1062 1030 1073 ’
1164 1075 1312 1155 lius
1376 1073 1715 1155 credant.
1812 1072 2043 1179 lpfius
2099 1096 2361 1155 autem
2404 1073 2816 1181 litigatoris
2860 1067 3219 1154 tractanda
3252 1091 3382 1172 per·
3449 1129 3450 1176 ξ

1170 1184 1357 1266 sona
1410 1189 1622 1267 varie
1677 1183 1806 1265 est.
1920 1192 2131 1265 Nam
2182 1209 2354 1266 tum
2417 1181 2746 1292 dignita's
2821 1188 2979 1288 ejus
3042 1180 3384 1284 allegatur,

1175 1317 1349 1379 tum
1395 1295 1989 1377 commendatur
2029 1295 2469 1377 infirmitas:
2563 1319 3114 1405 nonnunquam
3151 1289 3384 1372 contin-

1168 1411 1287 1516 git
1359 1408 1630 1490 relatio
1699 1412 2222 1512 meritorum:
2301 1406 2401 1488 de
2462 1406 2735 1515 quibus
2797 1396 3264 1492 verecundius
3303 1396 3386 1478 di-
3449 1493 3450 1496 Ν

1173 1517 1513 1615 cendum
1553 1525 1703 1600 erit
1748 1518 1873 1600 sua
1915 1546 2155 1627 quam
2188 1517 2437 1599 aliena
2475 1514 2842 1601 laudanti.
2923 1517 3241 1598 Multum
3271 1511 3387 1616 agit
3449 1553 3450 1556 κ

1172 1627 1429 1723 sexus,
1493 1652 1665 1712 aetas
1689 1686 1714 1721 ‚
1767 1629 2117 1711 conditio
2155 1686 2178 1722 ‚
2243 1634 2326 1710 in
2381 1631 2718 1711 foeminis
2738 1686 2763 1722 ,
2818 1629 3140 1718 senibus,
3194 1620 3385 1732 pupil-
3449 1725 3450 1730 Ν

1172 1740 1267 1821 lis
1289 1796 1314 1832 ,
1370 1742 1699 1832 liberos,
1768 1763 2125 1850 parentes
2145 1797 2172 1833 ,
2222 1744 2588 1850 conjuges
2650 1739 3160 1854 allegantibus.
3233 1740 3390 1815 Nam

1169 1850 1331 1931 sola
1382 1853 1682 1933 rectum
1724 1879 2039 1962 quoque
2087 1852 2429 1956 judicem
2476 1852 2796 1935 inclinat
2831 1852 3222 1935 miseratio,
3271 1847 3388 1925 De-
3449 1855 3450 1938 Q

1168 1962 1537 2069 gustanda
1604 1984 1869 2044 tamen
1946 1963 2110 2045 haec
2162 1967 2557 2071 prooemio
2590 2018 2614 2055 ‚
2682 1993 2847 2046 non
2931 1953 3390 2045 consumenda.
3449 2001 3450 2020 ÷

1167 2072 1605 2155 Adversarii
1649 2102 1841 2156 vero
1898 2074 2221 2182 persona
2262 2099 2530 2184 prope·
2555 2074 2832 2157 iisdem
2872 2074 3215 2157 omnibus
3231 2126 3252 2161 >
3302 2057 3394 2145 sed
3449 2087 3450 2092 ‘

1166 2209 1215 2264 e
1253 2189 1646 2267 contrario
1698 2186 1943 2267 ductis
1998 2191 2436 2293 impugnari
2488 2185 2700 2269 solet.
2800 2195 3015 2270 Nam
3065 2192 3138 2268 δι
3181 2201 3394 2291 poten-

1167 2316 1282 2378 tes
1330 2295 1666 2406 sequitur
1713 2297 2041 2390 invidia,
2099 2303 2180 2378 &
2215 2298 2547 2380 humiles
2600 2299 3083 2409 abjectosque
3115 2314 3397 2378 contem-

1166 2428 1289 2488 tus
1321 2464 1346 2493 ,
1401 2414 1483 2492 ὅ(
1549 2430 1810 2517 turpes
1870 2435 1958 2489 ac
2022 2430 2391 2489 nocentes
2440 2405 2769 2490 odium:
2868 2438 3039 2520 quae
3083 2412 3214 2490 tria
3271 2400 3398 2482 sunt

1162 2517 1264 2599 ad
1306 2519 1750 2603 alienandos
1804 2517 2149 2625 judicum
2205 2524 2507 2603 animos
2548 2522 3100 2631 potentissima.
3181 2523 3397 2622 Neque
3449 2620 3450 2623 Ν

1162 2628 1328 2710 haec
1364 2631 1622 2714 dicere
1662 2630 1834 2713 satis
1881 2631 2027 2725 est,
2065 2629 2280 2741 quod
2322 2631 2551 2715 datur
2585 2638 2825 2716 etiam
2862 2623 3402 2742 imperitiszple-

1160 2768 1401 2850 taque
1468 2742 1814 2850 augenda
1868 2767 2000 2823 aut
2057 2744 2476 2826 minuenda
2514 2800 2539 2837 ,
2595 2768 2678 2827 ut
2746 2747 3129 2855 expediet.
3270 2740 3400 2817 HOC

1160 2856 1380 2933 enim
1426 2858 1755 2935 oratoris
1807 2852 1918 2933 est
1947 2910 1972 2946 ‚
2035 2853 2231 2935 illud
2281 2855 2535 2938 causae.
2613 2857 2980 2967 Judicem
3031 2845 3403 2939 conciliabi-

1155 2989 1333 3044 mus
1389 2964 1612 3045 nobis
1659 2993 1825 3045 non
1862 2985 2162 3045 tantum
2183 2965 2572 3048 laudando
2616 2998 2800 3049 eum
2825 3028 2850 3063 ,
2869 2966 3125 3080 ¹<quod
3176 2972 3247 3049 &
3275 2954 3404 3040 fieri

1153 3101 1340 3155 cum
1392 3073 1640 3157 modo
1683 3075 1959 3169 debet,
2014 3082 2094 3159 δι
2137 3077 2246 3158 est
2295 3100 2558 3159 tamen
2613 3085 2817 3188 parti
2876 3086 3184 3191 utrique
3237 3096 3406 3155 com-

1152 3199 1441 3285 mune)
1510 3184 1640 3269 sed
1692 3186 1750 3268 fi
1803 3186 2113 3270 laudem
2165 3192 2323 3292 ejus
2367 3190 2466 3271 ad
2521 3193 2944 3275 utilitatem
2984 3194 3248 3273 nostrae
3274 3207 3407 3264 cau·

1151 3296 1248 3378 sae
1305 3302 1973 3402 conjunxerimus,
2034 3323 2120 3382 ut
2172 3300 2595 3409 allegemus
2635 3331 2783 3410 pro
2833 3305 3171 3386 honestis
3211 3294 3411 3404 digni
3448 3248 3450 3325 ι

1154 3429 1402 3488 tatem
1444 3410 1559 3489 illi
1602 3410 1857 3496 suam,
1918 3439 2066 3517 pro
2117 3412 2541 3495 humilibus
2596 3416 2971 3517 justitiam
3005 3470 3032 3509 ,
3083 3441 3226 3525 pro
3269 3404 3416 3488 infe·

1155 3516 1428 3599 licibus
1467 3520 2078 3603 misericordiam
2114 3578 2139 3616 ‚
2188 3551 2337 3630 pro
2402 3523 2587 3607 laefis
2638 3527 3181 3618 severitatem,
3245 3523 3314 3602 ὃ(
3350 3509 3415 3593 sl·

1157 3630 1455 3709 militer
1505 3657 1796 3713 caetera.
1893 3638 2155 3715 Mores
2188 3662 2498 3745 quoque
2552 3637 2660 3733 (fi
2712 3639 2888 3720 fieri
2931 3638 3231 3748 potest)
3266 3626 3417 3735 judi-

1156 3742 1270 3855 cis
1333 3741 1576 3825 velim
1629 3743 1862 3824 nosse
1975 3752 2182 3826 Nam
2240 3771 2488 3855 prout*
2525 3749 2815 3857 asperi,
2875 3749 3134 3844 lenes,
3205 3752 3421 3848 jucun·

1156 3846 1281 3947 di,
1333 3879 1644 3960 graves,
1695 3853 1911 3946 duri,
1961 3857 2252 3939 remiffi
2295 3882 2571 3951 erunt,
2604 3886 2737 3942 aut
2769 3864 3148 3944 assumere
3180 3865 3259 3940 in
3285 3862 3450 3957 cam

1151 3958 1315 4073 iam
1388 3986 1695 4048 naturas
1746 3994 2052 4083 eorum
2085 3997 2237 4081 qua
2295 3995 2788 4090 competent,
2901 3999 3039 4060 aut
3111 3973 3427 4081 mitigare

3308 4100 3450 4186 qm.
