3557 5113
1286 257 1809 345 EDITIO

356 454 361 457 .
481 368 1269 459 OXONIENSIS.
1803 369 2713 465 ARG‘ENTORAT.

222 597 384 693 Ptg.
426 607 606 678 742.

287 693 425 793 Jlla
453 695 646 803 enim
680 711 827 783 quae
851 685 971 760 scri
1023 708 1090 760 ta
1120 686 1267 760 sunt
1293 738 1316 777 ,
1365 689 1524 760 teti·
1684 683 1823 789 Jlla
1856 688 2039 799 enim
2071 711 2214 783 quae
2248 687 2481 786 scripta
2506 691 2661 768 sunt
2683 749 2700 775 ,
2744 698 2903 768 reti-

214 811 371 862 nent
401 809 919 877 animum,non
986 806 1343 896 equumur.
1601 803 2786 956 nengaaffitxugignqaaeuegnttelttnpore
2803 793 2901 865 di-

213 995 378 1090 Ptg.
407 1005 579 1076 743.
871 1067 889 1080 ‚
1604 901 1724 953 “n
2009 934 2030 962 ’
2300 907 2343 978 q
2595 934 2614 957 ο
2685 1047 2711 1067 ,.

346 1090 507 1160 Nec
560 1089 629 1159 se
689 1106 994 1183 unquam
1063 1103 1338 1181 propter
1385 1079 1517 1157 hoc
1729 1083 1883 1155 Nec
1956 1082 2018 1154 se
2065 1108 2361 1181 unquam
2409 1107 2681 1185 propter
2763 1087 2896 1163 hoe

206 1188 394 1257 oneri
462 1178 814 1253 subtrahet
841 1228 865 1260 ,
917 1182 1125 1251 modo
1189 1176 1266 1252 fit
1309 1177 1517 1254 causae
1591 1183 1782 1250 oneri
1816 1176 2189 1269 subtrahet,
2214 1182 2423 1253 modo
2452 1179 2528 1255 fit
2559 1183 2762 1255 causae
2792 1188 2903 1257 di-

212 1284 512 1355 dicendae
540 1299 857 1374 ternpus:
906 1299 1068 1378 nam
1103 1295 1334 1349 cat-tera
1358 1273 1518 1347 sem·
1594 1269 1845 1349 scendae
1862 1292 2161 1371 tempus:
2210 1301 2371 1349 nam
2391 1298 2630 1353 caetera
2649 1278 2900 1375 semper

215 1399 331 1473 pet
363 1373 547 1452 sciet.
1594 1366 1783 1440 sciet.

1139 1525 1276 1594 CA
1288 1528 1367 1593 P.
1427 1527 1507 1591 Χ.
1567 1534 1742 1620 pag.
1795 1525 1966 1608 746.

274 1633 604 1725 Fra-cipue
629 1651 796 1699 vero
826 1623 1181 1723 presserunt
1198 1649 1359 1696 eum
1382 1625 1407 1710 (
1431 1631 1529 1695 ci·
1705 1622 2033 1714 Praecipue
2096 1644 2266 1695 vero
2328 1614 2686 1716 presserunt
2747 1650 2900 1701 eum

215 1741 504 1814 arma)
553 1728 678 1820 qui
708 1722 928 1796 videri
959 1723 1335 1792 Atticorum
1366 1721 1524 1789 imi·
1597 1722 1622 1802 (
1651 1716 2018 1806 ciceronem)
2080 1722 2196 1811 qui
2258 1719 2465 1790 videri
2524 1720 2904 1793 Atticorum

208 1845 460 1896 ratores
488 1814 1017 1913 concupiebant.
1111 1817 1270 1885 Haec
1293 1836 1526 1883 manus
1599 1813 1972 1884 imitatores
2004 1811 2508 1905 concupiebant.
2563 1816 2723 1889 Haec
2757 1840 2899 1889 ma.

209 1914 394 2016 quafi
414 1910 828 2011 quibusdam
861 1912 1060 1984 {acris
1089 1913 1352 1983 initiata
1382 1960 1403 1988 ,
1446 1930 1522 1979 ut
1599 1928 1725 1974 nus
1745 1902 1923 1999 quasi
1954 1901 2345 2000 quibusdam
2378 1904 2889 1991 sactisinitiata,

210 2014 675 2106 alienigenam
706 2061 732 2098 ‚
773 2011 844 2077 δε
878 2010 1098 2077 virum
1126 2003 1523 2099 superstitio·
1602 2019 1682 2071 ut
1708 1998 2573 2097 alienigenam‚metrorum
2604 1995 2905 2098 supersti-

205 2111 354 2178 ium
383 2105 917 2200 devinstumque
943 2093 1528 2198 illislegibusinse·
1602 2091 1890 2175 tiosum,
1930 2096 2449 2194 devinstumque
2480 2093 2612 2168 illis
2649 2096 2906 2196 legibus

201 2202 577 2299 quebatur,
1602 2185 2094 2285 insequebatur.
2190 2210 2193 2212 ’

198 2317 397 2410 Pag.
454 2327 626 2396 749.

320 2414 579 2483 Latina
611 2401 780 2477 mihi
808 2401 1154 2480 facundia,
1183 2419 1262 2472 ut
1288 2402 1523 2471 inven·
1697 2396 1937 2469 Latina
1960 2391 2128 2466 mihi
2151 2392 2462 2470 facundia
2492 2450 2513 2478 ,
2559 2417 2639 2472 ut
2664 2399 2906 2470 inven-

206 2508 435 2581 tione
470 2554 498 2589 ‚
548 2494 965 2599 dispofitione
993 2550 1017 2591 ,
1057 2493 1331 2571 confine
1354 2544 1377 2584 ,
1408 2516 1533 2568 cae-
1607 2482 2909 2584 tione,dispositione,concilimcaeteris

202 2607 382 2675 teris
452 2597 665 2691 hujus
705 2600 966 2691 generis
1002 2588 1253 2665 artibus
1308 2586 1533 2660 similis
1609 2586 1819 2678 hujus
1841 2589 2101 2680 generis
2129 2583 2381 2658 artibus
2411 2583 2640 2660 fimilis
2667 2594 2906 2663 Graecae

206 2704 465 2772 Graecae
503 2720 579 2766 ac
612 2688 876 2787 prorsus
902 2686 1223 2783 discipula
1249 2692 1392 2778 ejus
1414 2689 1523 2756 vi·
1605 2710 1684 2755 ac
1708 2679 1969 2778 prorsus
1994 2676 2311 2775 discipula
2333 2690 2470 2777 ejus
2491 2686 2785 2756 videtur:
2812 2690 2907 2757 ita

208 2798 464 2865 detur:
516 2794 614 2860 ita
640 2792 816 2859 circa
845 2788 1181 2857 rationem
1202 2779 1526 2874 eloquen·
1607 2783 1784 2852 circa
1810 2779 2137 2849 rationem
2166 2776 2526 2871 eloquendi
2560 2784 2672 2850 vix
2705 2777 2906 2851 habe-

211 2893 284 2960 di
330 2892 455 2958 vix
507 2882 755 2955 habete
792 2880 1208 2952 imitationis
1266 2873 1526 2951 locum.
1608 2897 1677 2945 te
1704 2874 2111 2944 imitationis
2143 2868 2396 2947 locum.
2466 2874 2787 2971 Namque
2812 2874 2906 2948 est

204 2987 555 3077 Namque
615 2979 708 3052 est
800 2971 947 3073 ipfis
1025 2973 1249 3052 statim
1326 2966 1530 3040 sonus
1606 2965 1725 3065 ipfi
1761 2969 1980 3040 statim
2006 2964 2220 3037 sonus
2247 2967 2495 3040 durior.

203 3077 516 3156 dulcior,

205 3193 397 3289 Pag.
464 3199 615 3272 752.
2847 3237 2852 3242 .

308 3295 762 3382 Qpropter
804 3304 890 3352 ne
935 3272 1073 3348 illis
1106 3276 1382 3371 quidem
1423 3275 1530 3343 ni·
1708 3276 2143 3367 Qapropter
2190 3293 2275 3341 ne
2317 3266 2446 3339 illis
2487 3269 2764 3366 quidem
2808 3275 2910 3343 ni.

210 3393 457 3461 mium
505 3402 802 3475 repugno
831 3427 854 3463 ,
909 3374 1033 3469 qui
1075 3372 1370 3442 dandum
1407 3392 1535 3465 pu·
1613 3371 1835 3442 mium
1868 3390 2021 3461 repu
2076 3390 2188 3454 no,
2213 3367 2325 3462 qui
2358 3366 2652 3438 dandum
2674 3389 2913 3461 putant

210 3502 373 3561 tant
434 3471 752 3546 nonnihil
795 3468 919 3544 effe
977 3461 1383 3563 temporibus
1437 3482 1534 3537 at·
1618 3460 1938 3533 nonnihil
1971 3488 2005 3534 e
2059 3485 2096 3531 e
2127 3458 2543 3555 temporibus
2577 3482 2778 3553 atque
2802 3487 2916 3538 au.

188 3570 353 3680 ‘que
415 3566 696 3644 auribus
734 3621 755 3650 ,
809 3561 1386 3656 nitidius.aliquid
1433 3579 1536 3630 at·
1614 3553 2109 3644 ribuS,nitidius
2133 3556 2383 3652 aliquid
2404 3579 2604 3652 atque
2623 3554 2919 3632 affectius

216 3663 357 3772 que
383 3665 769 3742 affeaatins
800 3653 1309 3757 postulantibus,
1410 3659 1538 3727 Ira·
1612 3651 2126 3749 postulantibus.
2225 3659 2462 3745 ltaque
2494 3677 2632 3722 non
2684 3648 2915 3723 solum

227 3795 363 3867 qm
400 3789 544 3834 non
590 3757 809 3831 solum
859 3756 946 3827 ad
972 3757 1221 3852 priores
1253 3799 1277 3833 ,
1321 3752 1535 3822 Cato·
1615 3749 1697 3819 ad
1733 3751 1981 3843 priores
2005 3753 2271 3822 Catone
2299 3745 2783 3841 Gracchisque,
2808 3746 2917 3820 sed

222 3887 404 3938 nem
445 3851 926 3950 Gracchusque
967 3896 991 3929 ‚
1048 3843 1155 3921 sed
1193 3869 1277 3920 ne
1304 3844 1385 3917 ad
1414 3843 1539 3915 hos
1615 3869 1703 3918 ne
1720 3845 1801 3913 ad
1822 3841 1944 3913 hos
1972 3846 2248 3940 quidem
2278 3865 2615 3917 oratorem
2647 3843 2920 3942 alligan-

211 3957 509 4060 quidem
642 3968 1003 4026 oratorem
1126 3939 1537 4042 alligandum
1617 3942 1782 4013 dum
1816 3958 2007 4036 puto.

210 4077 419 4170 ΡΜ
636 4245 651 4262 ‚
1487 4081 1575 4228 i(
1627 4134 1687 4226 >c
1731 4135 1784 4223 >c
1828 4136 1882 4224 κ
1933 4131 2002 4226 )(
2040 4130 2098 4223 κ
2777 4143 2924 4227 vag.
