3557 5113
735 307 1090 441 '408
1307 259 3237 434 *MAEAmrQu-mcummr

787 620 1139 701 ciam,
1166 600 1492 685 tendum
1531 656 1555 691 ,
1648 624 1814 678 non
1872 621 2151 676 omnes
2202 590 2475 680 causas
2545 595 2631 673 in
2680 593 3058 678 ‘omnibus
3117 590 3378 701 personis

1167 715 1445 801 valere.
1557 717 1768 800 Nam
1818 730 1901 787 ut
1965 706 2192 788 alicui
2247 703 2340 792 fit
2402 705 2709 786 furandi
2761 706 2977 790 causta
3030 732 3375 813 paupertas.

1167 853 1332 909 non
1388 825 1538 903 erit
1590 819 1806 904 idem
1889 823 1975 902 in
2053 824 2297 901 Curio
2379 816 2871 925 Fabricioque
2932 841 3378 906 momentum.

1165 943 1290 1021 Dc
1345 933 1574 1032 causa„
1596 935 1808 1039 prius
1832 986 1857 1024 ‚
1911 958 2012 1014 an
2051 930 2149 1011 de
2205 928 2528 1038 persona
2580 928 2995 1012 dicendum
3047 928 3197 1015 fit,
3220 957 3377 1037 quae·

1167 1052 1426 1130 titur.
1495 1048 1863 1152 varieque
1918 1042 2026 1122 est
2086 1042 2180 1123 ab
2234 1041 2667 1123 oratoribus
2711 1043 3060 1124 factum:
3135 1070 3175 1119 a
3217 1044 3377 1123 Cice

1166 1185 1358 1242 tone
1401 1159 1641 1237 etiam
1694 1155 2018 1262 praelatae
2057 1150 2665 1262 frequentiffime
2736 1154 2988 1236 causse.
3100 1151 3232 1235 Sed
3274 1155 3381 1230 mi

1169 1266 1417 1360 hi,s1
1458 1289 1739 1350 neutro
1797 1266 1953 1347 litis
1996 1264 2350 1349 conditio
2405 1265 2989 1372 praeponderet,
3034 1262 3377 1345 lccundum

1170 1402 1531 1464 naturam
1595 1379 1993 1462 videretur
2059 1381 2396 1483 incipere
2466 1403 2509 1457 a
2564 1377 2909 1483 persona.
3023 1381 3216 1456 Nam
3272 1375 3382 1453 hoc

1168 1496 1415 1600 magis
1456 1490 1814 1598 generale
1873 1488 1982 1568 est
2005 1543 2030 1580 ,
2092 1491 2523 1615 rectiorque
2576 1488 2907 1581 divifio,·
2980 1511 3109 1570 aut
3154 1492 3225 1568 in
3261 1484 3378 1565 nul·

1169 1606 1255 1687 lo
1314 1606 1613 1686 crimen
1667 1598 2089 1685 credibile,
2150 1624 2276 1680 aut
2339 1606 2422 1680 in
2484 1601 2660 1686 hoc.
2718 1598 2976 1682 Potest
3045 1623 3277 1680 tamen
3325 1591 3383 1682 id

1169 1716 1423 1824 ipsum
1464 1769 1489 1805 ,
1550 1713 1739 1794 ficut
1788 1711 2215 1828 pleraque,
2267 1734 2593 1793 vertere
2619 1712 2928 1795 utilitas.
3058 1719 3214 1792 Nec
3263 1731 3383 1787 tan·

1173 1851 1346 1909 tum
1381 1822 1619 1908 causae
1669 1813 2087 1910 voluntatis
2126 1823 2297 1907 sunt
2334 1823 2763 1950 quaerendae
2840 1860 2863 1923 3
2954 1823 3087 1906 scd
3140 1825 3384 1905 interim

1167 1943 1252 2021 δε
1299 1939 1646 2022 erroris,
1718 1960 1805 2017 ut
1868 1937 2191 2018 ebrietas
2234 1991 2258 2028 ,
2350 1939 2806 2065 ignorantia.
2900 1944 3115 2016 Nam
3146 1958 3217 2016 ut
3256 1932 3385 2011 haec

1170 2053 1256 2131 in
1312 2048 1677 2158 qualitate
1734 2050 2033 2130 crimen
2087 2049 2461 2137 elevant,
2519 2051 2624 2128 ita
2666 2052 2748 2129 in
2802 2048 3225 2151 conjectura
3256 2066 3385 2152 pre-

1167 2184 1415 2246 munt.
1489 2165 1623 2240 ·Et
1681 2158 2031 2266 persona
2063 2160 2381 2289 quidem
2421 2159 2678 2239 nescio
2733 2188 2832 2244 an
2879 2188 3259 2267 unquam,
3284 2154 3391 2234 uti·

1107 2317 1110 2320 ’
1167 2301 1324 2382 que
1373 2277 1458 2353 in
1501 2300 1690 2353 vero
1746 2272 1958 2364 adiu,
1989 2276 2103 2353 rei
2158 2270 2393 2376 possit
2456 2271 2851 2363 incidere,
2915 2271 3013 2353 de
3080 2300 3226 2380 qua
3256 2293 3393 2347 neu·

1173 2407 1289 2466 tra
1335 2412 1507 2492 pars
1542 2384 1806 2464 dicat.-
1870 2382 1968 2462 de
2021 2384 2255 2464 causis
2306 2385 2751 2489 frequenter
2793 2387 3033 2509 quaeri
3096 2378 3271 2463 nihil
3315 2401 3396 2456 at-

1171 2501 1364 2578 tinet
1395 2549 1420 2588 ‚
1481 2515 1578 2581 ut
1617 2497 1707 2575 in
1761 2491 2206 2581 adulteriis,
2265 2516 2349 2576 ut
2395 2498 2473 2574 in
2519 2494 2804 2576 furtis.-
2872 2498 3054 2603 quia
3104 2494 3258 2577 illas
3300 2515 3401 2598 per

1165 2608 1244 2688 se
1297 2608 1455 2714 ipsa
1517 2608 1833 2685 crimina
1898 2606 2157 2687 secum
2225 2606 2529 2688 habent.
2632 2608 2804 2689 Post
2863 2607 3028 2690 haec
3086 2599 3401 2691 intuenda

1167 2719 1528 2805 videntur
1584 2723 1662 2797 &
1729 2716 2101 2799 confilia:
2169 2745 2365 2826 quae
2389 2717 2535 2802 late
2576 2742 2907 2825 patent.-
2974 2750 3083 2802 an
3138 2714 3407 2810 credlbl·

1162 2832 1238 2911 le
1295 2830 1387 2911 fit
1444 2854 1666 2938 reum
1724 2827 2023 2932 sperare
2086 2827 2169 2908 id
2224 2858 2269 2908 a
2326 2831 2418 2909 se
2472 2827 2737 2917 scelus
2754 2831 2965 2910 effici
3036 2830 3239 2937 poss'c
3272 2852 3405 2919 ‚an

1160 2943 1499 3049 ignorari
1554 2962 1736 3018 cum
1782 2938 2082 3023 fecisse:
2137 2969 2235 3019 an
2289 2945 2574 3032 etiam,
2658 2941 2715 3027 fi
2775 2947 3235 3049 ignoratum
3285 2962 3411 3018 non

1155 3054 1395 3144 efflet,
1452 3049 1798 3137 absolvi,
1852 3051 1997 3131 vel
2039 3079 2268 3158 poena
2318 3053 2476 3139 levi
2531 3053 2838 3161 transigi
2890 3109 2915 3145 ,
2992 3057 3129 3139 vel
3178 3047 3413 3133 tardio-
3470 3086 3471 3091 ι

1156 3194 1285 3247 re
1281 3219 1320 3256 ‚
1379 3164 1562 3245 vel
1595 3190 1694 3244 cx
1766 3189 1919 3270 qua
1982 3167 2239 3253 minus
2302 3164 2786 3267 incommodi
2854 3167 3417 3248 consecuturus,
3470 3202 3471 3219 ι

1153 3304 1398 3383 quam
1433 3304 1536 3355 ex
1586 3274 1796 3353 faCto
1834 3275 2100 3383 gaudii
2150 3274 2607 3360 videreturz-
2602 3305 2741 3365 an
2776 3279 3029 3361 etiam
3092 3279 3286 3359 tanti
3322 3302 3471 3389 pu

1164 3393 1456 3467 taver-it
1477 3413 1795 3490 poenam
1844 3386 2109 3468 subire.
2206 3388 2379 3469 Post
2422 3388 2627 3477 haec,
2692 3418 2791 3470 an
2846 3388 3010 3479 alio
3064 3404 3471 3496 tempore?

1160 3504 1239 3579 δι
1290 3500 1544 3581 aliter?
1571 3496 1856 3588 facere,
1918 3500 2043 3581 vel
2085 3499 2378 3587 facilius
2401 3553 2426 3590 ‚
2482 3500 2610 3583 vel
2663 3499 3000 3589 securius
3068 3500 3430 3609 potuerit:

1160 3632 1248 3689 ut
1291 3609 1478 3690 dicit
1500 3610 1800 3697 Cicera
1816 3638 1967 3717 pro
2000 3611 2354 3704 Milone,
2400 3640 2867 3699 ,enumerans
2899 3611 3304 3720 plurimas
3332 3635 3433 3693 oc-

1150 3720 1489 3801 cafiones
1539 3722 1816 3825 quibus
1861 3723 1954 3804 ab
2002 3750 2101 3805 eo
2139 3723 2473 3813 Clodius
2522 3731 2845 3832 impune
2872 3727 3159 3813 occidi
3203 3746 3438 3835 potne-

1152 3838 1274 3912 rit.
1384 3838 1748 3914 Praeterea
1775 3887 1825 3922 ,
1850 3862 1992 3915 cur
2030 3835 2516 3943 potissimum
2558 3836 2699 3919 illo
2745 3837 2927 3920 loco
2977 3895 3009 3931 ,
3079 3840 3234 3923 illo
3278 3861 3471 3920 tem·

1151 3971 1402 4050 pore.
1456 3942 1598 4024 illo
1643 3943 1895 4025 modo
1938 3945 2029 4027 fit
2071 3948 2510 4059 aggressus·
2574 3953 2712 4057 qui
2775 3957 2856 4034 δ(
2903 3952 3090 4058 ipse
3142 3952 3451 4058 diliffn·

1145 4053 1450 4164 tiffime
1470 4057 1858 4172 uastatur
1895 4087 2046 4170 pro
2106 4059 2395 4151 eodem
2444 4059 2757 4151 locus-2-
2854 4066 3049 4171 {Aa
3056 4056 3459 4277 etiamunl}

1461 4220 1468 4232 -
3054 4227 3069 4236 -
3256 4201 3313 4261 ιι
