3557 5113
2765 138 2817 164 N

807 243 1066 395 295
1311 198 1593 339 M.
1702 234 2069 336 FAsstt
2184 231 3197 361 QurNcrittANt

722 536 920 620 cn,
957 537 1061 619 x,
1153 524 1336 630 quia
1377 519 1478 599 ad
1536 517 1762 597 illum
1809 519 1962 616 jus,
2028 512 2127 593 ad
2167 514 2372 593 hunc
2425 539 2544 592 res
2601 513 2943 595 transeat.
3058 516 3425 621 Proprium

795 641 806 651 ‘
951 646 958 655 '
1154 630 1434 713 deinde
1481 634 1859 712 materiae,
1925 631 2038 726 jus
2089 625 2374 733 publici
2412 623 2680 705 crediti
2734 625 3051 707 transire
3095 623 3190 704 ad
3220 624 3422 707 visto-

1152 771 1325 843 ¹rem
1376 771 1536 822 non
1597 737 1919 849 potuiffe
1966 795 1988 829 ,
2066 742 2247 844 quia
2310 735 2526 842 quod
2590 739 2927 844 populus
2994 735 3422 824 crediderit,

1156 858 1520 935 omnibus
1563 855 1974 935 debeatur:
2076 855 2155 930 &
2198 847 2572 956 quamdiu
2612 850 2937 958 quilibet
2981 876 3171 930 unus
3206 849 3426 954 supcr-

1147 968 1437 1057 'fuerit,
1502 964 1647 1044 esse
1713 989 1900 1043 eum
1958 964 2196 1039 totius
2245 960 2563 1040 summae
2615 961 3150 1041 creditorem:
3256 961 3425 1039 The·

1147 1074 1406 1158 'banos
1460 1100 1721 1157 autem
1771 1100 1935 1155 non
1986 1099 2257 1151 omnes
2312 1077 2396 1149 in
2449 1071 2875 1153 Alexandri
2950 1099 3189 1151 manu
3233 1071 3424 1151 fuiffe.

1153 1186 1351 1269 'Hoc
1394 1216 1556 1267 non
1592 1185 2052 1266 extrinsecus
2082 1183 2505 1290 probatur,
2565 1208 2739 1293 quae
2777 1188 2891 1266 vis
2929 1184 3037 1263 est
3072 1206 3425 1289 argumen-

1160 1304 1271 1389 ti,
1338 1297 1464 1378 sed
1515 1297 1762 1406 ipsum
1824 1323 1964 1405 per
2035 1295 2106 1375 se
2158 1294 2378 1375 valet.
2497 1298 2742 1376 Tertii
2808 1296 2964 1375 loci
3024 1320 3192 1400 pars
3252 1297 3426 1401 prior

1158 1414 1411 1516 magis
1451 1411 1826 1517 vulgariS‚
1883 1434 2045 1486 non
2090 1411 2170 1484 in
2212 1404 2485 1485 tabulis
2534 1406 2678 1486 effe
2729 1413 2882 1508 jus:
2948 1410 3203 1514 itaque
3264 1407 3422 1484 mul-

1162 1526 1263 1602 tis
1309 1525 1777 1628 argumentis
1829 1515 2142 1597 defendi
2201 1516 2472 1625 potest.
2641 1523 2864 1598 Mens
2922 1545 3233 1626 quoque
3276 1517 3421 1595 Ale-

1151 1630 1438 1713 “xandri
1489 1633 1665 1712 duci
1717 1630 1948 1710 debet
1990 1633 2069 1708 in
2121 1624 2444 1710 dubium
2469 1683 2493 1720 ‚
2542 1630 2946 1710 honorarit
2989 1654 3162 1720 eos,
3200 1656 3289 1708 an
3321 1627 3423 1705 de-

1165 1747 1484 1851 ceperit.
1597 1740 1794 1822 Illud
1832 1736 1989 1842 jam
2024 1739 2276 1820 rursus
2324 1745 2726 1846 proprium
2768 1746 3153 1825 materiae‚
3199 1746 3270 1821 ὅ(
3306 1738 3422 1818 vel·

1164 1879 1256 1934 ut
1323 1881 1544 1933 novae
1618 1850 2198 1944 controversiae,
2271 1851 2487 1958 quod
2556 1855 3036 1933 restitutione
3116 1847 3425 1956 recepiss'e

1151 1964 1318 2071 im,
1384 1961 1679 2042 etiamsi
1728 1961 1942 2072 quod
1995 1961 2420 2052 amiserint,
2473 1964 2824 2044 Thebani
2873 1964 3249 2046 videntur.
3305 1966 3424 2040 Hic

1145 2072 1244 2159 ’ἃ
1279 2074 1466 2184 quid
1500 2074 1908 2155 Cass'ander
1962 2073 2197 2165 velit,
2246 2077 2659 2181 quaeritur:
2730 2074 2856 2156 sed
2909 2077 3032 2157 vel
3102 2069 3419 2182 potentis-

1155 2187 1355 2279 {fima
1415 2184 1618 2293 apud
1669 2184 2288 2293 AmphiCtyonas
2340 2190 2538 2293 aequi
2597 2186 2951 2267 traCtatio
2998 2186 3134 2266 est.
3274 2191 3423 2266 Haec

1158 2328 1328 2382 non
1364 2296 1655 2378 idcirco
1696 2296 1921 2389 dice,
1981 2294 2197 2404 quod
2233 2298 2586 2377 inutilem
2626 2298 2914 2378 horum
2951 2298 3424 2386 locorum‚ex

1159 2412 1441 2520 quibus
1515 2430 1968 2516 argumenta
2041 2406 2429 2488 ducuntur
2465 2466 2487 2501 ‚
2556 2415 3091 2517 cognitionem
3161 2434 3429 2517 putem,

1155 2523 1454 2630 alioqui
1506 2549 1649 2601 nec
1693 2516 2161 2601 tradidiffern
2201 2551 2218 2600 t
2302 2518 2433 2600 sed
2492 2547 2592 2600 ne
2645 2522 2698 2602 si
2755 2525 2889 2632 qui
2948 2524 3425 2629 cognoverint

1158 2633 1340 2723 ista,
1395 2631 1452 2711 fi
1482 2653 1751 2712 caetera
1785 2631 2182 2738 negligant
2205 2689 2229 2724 ,
2292 2627 2671 2739 perfedms
2709 2632 2782 2713 se
2838 2639 3195 2740 protinus
3239 2656 3433 2740 atque

1157 2745 1741 2828 consummatos
1791 2765 2119 2850 putent:
2179 2750 2259 2824 δε
2318 2741 2456 2823 nifi
2507 2748 2588 2824 in
2637 2749 2927 2826 caeteris
2966 2802 2990 2831 ‚
3053 2774 3227 2857 quae
3275 2768 3432 2825 mox

1160 2854 1677 2982 praecipienda
1735 2855 1906 2933 sunt
1940 2909 1962 2937 ‚
2028 2852 2597 2936 elaboraverint
2640 2912 2664 2948 ‚
2730 2880 3034 2938 mutam
3084 2855 3429 2968 quandam

1161 2967 1563 3049 scientiam
1623 2965 2072 3045 consecutos
2131 2966 2587 3072 intelligant.
2686 2974 2854 3049 Nec
2917 2974 3141 3050 enim
3198 2967 3438 3050 artibus

1091 3146 1098 3160 .
1162 3080 1392 3161 'editis
1451 3077 1741 3158 fastum
1789 3076 1900 3157 est
1942 3133 1966 3168 ‚
2048 3097 2131 3155 ut
2198 3103 2656 3184 argumenta
2700 3083 3278 3164 inveniremus:
3335 3073 3435 3156 sed

1166 3192 1369 3273 dista
1411 3189 1581 3271 sunt
1624 3192 1890 3269 omnia
1932 3210 2343 3297 antequam
2404 3195 3005 3298 praeciperentur
3040 3226 3061 3273 ε
3163 3219 3338 3274 mox
3369 3214 3437 3266 ea

1164 3305 1577 3410 scriptore-s
1615 3301 2013 3381 observata
2051 3304 2131 3381 &
2173 3300 2495 3382 colledia
2537 3301 2963 3384 ediderunt.
3082 3311 3314 3409 Cujus
3354 3302 3436 3379 rei

1164 3409 1528 3522 probatio
1558 3413 1669 3491 est
1693 3468 1716 3503 ‚
1794 3410 2022 3520 quod
2051 3413 2435 3520 exemplis
2492 3440 2773 3495 eorum
2820 3417 3218 3498 veteribus
3255 3437 3437 3497 utun⁶

1155 3525 1343 3616 'tur‚
1409 3531 1488 3605 ὅ(
1518 3525 1613 3604 ab
1662 3525 2097 3605 oratoribus
2149 3525 2281 3606 illa
2329 3548 2721 3632 repetunt:
2790 3528 2926 3635 ipfi
2966 3528 3283 3610 nullum
3332 3551 3437 3605 no-

1157 3637 1402 3727 strum,
1454 3642 1533 3718 ὅ(
1586 3633 1802 3743 quod
1855 3635 2150 3716 dictum
2203 3665 2366 3717 non
2409 3638 2542 3723 sit,
2599 3642 3021 3719 inveniunt.
3118 3637 3438 3722 Artifices

1164 3774 1361 3855 ergo
1391 3748 1530 3838 illi,
1573 3750 1707 3855 qui
1741 3746 2137 3829 dixerunt:
2205 3748 2333 3829 sed
2369 3747 2723 3830 habenda
2754 3756 2846 3831 iis
2880 3777 3203 3860 quoque
3236 3751 3439 3859 gratia

1164 3860 1321 3951 est,
1392 3888 1535 3966 per
1590 3886 1783 3967 quos
1844 3857 2064 3940 labor
2122 3860 2344 3942 nobis
2389 3861 2770 3943 detraCtus
2814 3862 2945 3941 est.
3042 3870 3257 3945 Nam
3307 3884 3441 3968 quae

1149 3965 1465 4084 spriores
1500 3969 1881 4051 beneficio
1921 3975 2211 4080 ingenii
2242 3972 2536 4082 lingula
2567 3977 3070 4062 invenerunt,
3139 3976 3349 4056 nobis
3386 3974 3445 4046 &

1473 4105 1476 4110 ’
1769 4115 1774 4120 ·
3301 4107 3449 4160 non
