3557 5113
749 155 1048 330 7228¹
1261 175 1914 330 MFABU
1987 173 3200 314 (Lunae-rimanti

680 481 873 561 CA».
896 482 1013 562 111.
1091 471 1341 555 credit
1376 473 1457 551 in
1496 467 1773 576 praeliis
1807 463 2125 575 quidem
2169 462 2564 546 strenuum
2626 468 2707 543 &
2761 460 3058 543 fortem
3084 516 3109 552 ,
3166 467 3245 543 &
3298 489 3368 541 o-

1089 590 1400 667 mnium
1432 610 1598 691 quae
1651 607 1911 689 pugna
1962 577 2247 684 poscit,
2281 575 2664 657 artificem
2704 607 2723 655 ε
2783 571 2912 656 sed
2947 601 3219 681 neque
3255 572 3367 653 dc-

1093 698 1330 779 lestus
1377 721 1602 802 agere
1636 749 1659 785 ‚
1734 719 1878 773 nec
1916 693 2177 797 copias
2217 689 2675 770 contrahere
2710 708 2938 794 atque
2976 687 3364 778 instruere,

1091 838 1238 891 nec
1278 808 1711 917 prospicere
1752 827 2235 884 commeatus
2259 858 2284 893 ,
2349 815 2491 881 nec
2524 799 2787 880 locum
2808 828 3101 908 capere
3138 798 3370 879 castris

1090 922 1456 1004 scientem
1493 955 1517 998 .·
1582 920 1792 1025 prius
1830 916 1939 996 est
1974 919 2190 995 enim
2246 937 2456 994 certe
2499 938 2763 1018 parare
2817 913 3029 992 bella
3076 971 3099 998 ‚
3156 940 3365 1020 quam

1091 1059 1384 1141 gerere.
1496 1033 1743 1139 Atqui
1787 1026 2214 1108 simillimus
2245 1028 2427 1107 huic
2467 1024 2558 1107 sit
2594 1023 3019 1106 advocatus
3050 1084 3074 1109 ,
3131 1023 3186 1104 fi
3224 1026 3368 1130 plu·

1095 1173 1182 1226 ra
1215 1172 1386 1253 quae
1427 1139 1526 1222 ad
1578 1137 2058 1224 vincendum
2089 1138 2348 1222 valent
2382 1194 2405 1222 ‚
2464 1136 2626 1216 aliis
2670 1137 3093 1244 reliquerit
3138 1170 3156 1218 ι
3205 1165 3362 1218 cum

1099 1255 1528 1365 praesertim
1574 1255 1726 1334 hoc
1761 1309 1785 1337 ‚
1850 1250 2066 1360 quod
2108 1251 2216 1332 est
2261 1252 2603 1330 maxime
2638 1248 3360 1341 nccess'ariummon

1092 1389 1259 1450 tam
1318 1367 1406 1449 sit
1450 1365 1777 1447 arduum
1821 1422 1844 1457 ‚
1929 1392 2166 1474 quam
2224 1361 2499 1470 procul
2552 1364 3026 1445 intuentibus
3090 1362 3360 1446 fortaffi?

1091 1482 1466 1576 videatur.
1557 1485 1921 1586 Namque
1958 1504 2194 1558 omne
2235 1480 2351 1580 jus
2406 1474 2617 1583 quod
2661 1473 2787 1554 cst
2809 1499 3131 1556 certum
3167 1535 3188 1564 ‚
3248 1497 3359 1556 aut

1091 1592 1384 1701 scripto
1416 1613 1547 1673 aut
1583 1590 1932 1671 moribus
1971 1589 2268 1669 constat
2308 1625 2332 1668 .·
2397 1586 2722 1668 dubium
2759 1592 3360 1696 aequitatisregu-

1093 1705 1170 1786 la
1200 1703 1807 1790 exanimandum
1855 1701 1984 1782 est.
2098 1706 2295 1806 Quae
2330 1698 2609 1807 scripta
2663 1697 2835 1780 sunt
2872 1757 2897 1793 ,
2942 1725 3082 1782 aut
3136 1700 3356 1811 polita

1090 1820 1175 1897 in
1219 1844 1446 1897 more
1487 1817 1860 1906 civitatis,
1903 1813 2196 1896 nullam
2246 1812 2534 1894 habent
2584 1809 3123 1896 difficultatem
3158 1848 3181 1895 .·
3230 1841 3348 1895 co·

1093 1930 1467 2035 gnitionis
1512 1926 1686 2007 sunt
1725 1930 1942 2007 enim
1975 1984 2000 2011 ,
2063 1954 2226 2007 non
2284 1928 2777 2008 inventionis,
2832 1951 2913 2007 at
2955 1954 3121 2035 quae
3168 1954 3332 2007 con-

1089 2039 1469 2121 sultorum
1505 2038 1875 2145 responfis
1918 2037 2398 2145 explicantur
2421 2093 2445 2128 ‚
2503 2060 2633 2118 aut
2668 2049 2755 2118 'm
2792 2037 3209 2122 verborum
3242 2047 3347 2119 'm-

1089 2153 1644 2258 terprctationc
1681 2150 1853 2234 sunt
1887 2151 2127 2258 postca
2185 2206 2209 2241 ,
2268 2173 2392 2234 aut
2439 2153 2522 2230 in
2576 2152 2763 2231 fecii
2819 2157 3200 2262 pravique
3255 2153 3352 2232 di-

1091 2262 1477 2345 scrimine.
1588 2268 1786 2346 Vim
1819 2264 2179 2372 cujustlue
2216 2267 2429 2346 vocis
2468 2263 2953 2372 intelligere,
2996 2289 3135 2347 aut
3160 2292 3356 2349 com-

1092 2397 1332 2459 mune
1377 2374 1884 2484 prudentium
1928 2376 2039 2458 est
2059 2432 2081 2466 ‚
2113 2396 2246 2456 aut
2280 2378 2687 2482 proprium
2718 2382 3105 2461 oratoris:
3148 2381 3353 2487 aequi·

1090 2500 1202 2573 tas
1260 2493 1570 2597 optimo
1607 2493 1882 2599 cuique
1920 2486 2334 2572 notissima.
2440 2494 2609 2571 Nos
2653 2515 2897 2596 porro
2935 2497 3041 2574 δε·
3076 2493 3357 2575 bonum

1086 2605 1348 2682 virum
1395 2608 1475 2683 &
1513 2600 1980 2706 prudentem
2032 2657 2085 2693 ,f
2128 2604 2482 2708 inprimis
2531 2624 2929 2691 oratorem
2971 2631 3358 2712 putamus:

1084 2720 1222 2819 qui
1261 2740 1445 2791 cum
1493 2711 1568 2792 se
1614 2713 1712 2793 ad
1754 2714 1838 2793 id
1878 2711 2095 2821 quod
2145 2714 2256 2793 est
2289 2715 2678 2819 optimum
2714 2739 3033 2804 natura,
3074 2720 3355 2800 direxe-

1079 2825 1183 2903 rit
1221 2877 1245 2913 ,
1295 2850 1458 2902 non
1503 2850 1632 2903 ma
1687 2851 1983 2931 noperc
2043 2825 2683 2908 commovebitur
2722 2883 2745 2918 ‚
2807 2827 2865 2908 fi
2920 2837 3113 2943 quis
3144 2834 3238 2913 ab
3268 2858 3353 2911 eo

1075 2933 1470 3021 consultus
1572 2938 1583 2949 '
1649 2941 1897 3019 entiet
1927 2993 1951 3029 ,
1990 2964 2174 3018 cum
2222 2937 2399 3045 ipfis
2440 2938 2595 3020 illis
2644 2938 2975 3024 diversas
3042 2948 3241 3026 inter
3283 2941 3346 3023 st:

1073 3051 1483 3157 opiniones
1543 3054 1741 3130 tueri
1796 3049 2234 3133 concess‘um
2297 3049 2415 3134 fit.
2549 3052 2700 3137 Sed
2754 3058 2991 3138 etiam
3045 3055 3107 3139 fi
3166 3054 3355 3139 noste

1074 3158 1263 3268 quid
1331 3160 1647 3269 quisque
1702 3161 2008 3244 senserit
2067 3220 2091 3249 ‚
2176 3163 2389 3246 volet
2425 3219 2450 3256 ‚
2512 3162 2866 3249 lectionis
2935 3196 3149 3273 opus
3214 3171 3356 3253 est.-

1074 3297 1233 3379 qua
1259 3273 1455 3353 nihil
1492 3273 1602 3353 est
1642 3279 1724 3354 in
1758 3274 2053 3361 ,studiis
2105 3279 2364 3359 minus
2410 3276 2903 3361 laboriosum.
3003 3283 3262 3385 Quod
3311 3281 3360 3364 fi

1067 3382 1422 3492 plerique
1481 3383 1875 3492 desperata
1925 3387 2286 3469 facultate
2349 3388 2627 3495 agendi
2662 3445 2688 3481 ‚
2753 3391 2852 3473 ad
2907 3391 3363 3478 discendum

1065 3496 1184 3596 jus
1216 3493 1799 3579 declinaverunt
1839 3554 1864 3590 ‚
1918 3526 2166 3608 ‚quam
2219 3499 2303 3582 id
2340 3499 2530 3582 scire
2582 3502 2806 3585 facilc
2863 3504 2974 3584 est
3034 3515 3364 3595 oratori,

1069 3607 1285 3713 quod
1316 3607 1607 3691 discunt
1649 3616 1786 3719 qui
1825 3610 1954 3692 sua
1986 3638 2307 3720 quoque
2326 3612 2804 3697 confessione
2822 3639 3187 3702 oratores
3218 3622 3365 3705 esst

1063 3744 1233 3798 non
1275 3721 1577 3825 poffunt
1643 3722 1668 3802 ἓ
1762 3730 2055 3804 Verum
2108 3730 2187 3807 &
2240 3731 2349 3807 M.
2387 3733 2585 3809 Cato
2623 3755 2811 3811 cum
2875 3733 2959 3810 in
3018 3727 3364 3817 dicendo

1063 3829 1713 3938 praestantiffimus
1745 3888 1772 3926 ‚
1827 3856 1996 3918 tum
2032 3841 2214 3935 juris
2246 3837 2468 3922 idem
2599 3846 2653 3923 't
2684 3841 3198 3948 peritiffimus
3219 3883 3244 3923 .-
3281 3854 3358 3931 ὅτ

1060 3943 1418 4037 scaevolae
1454 3949 1878 4061 Servioque
1908 3949 2244 4065 sulpitio
2277 3979 2477 4040 cone
2538 4058 2547 4063 ‚
2654 3954 2767 4042 est
2807 3958 3055 4045 etiam
3096 3959 3335 4043 faun-
