3557 5113
756 257 998 375 412.
1267 221 1479 326 Μ.
1594 221 1966 327 FAss'tt
2030 217 3111 364 &QincrimAm

700 558 1038 643 cuju,
1206 610 1210 613 .
1256 539 1772 642 SEQJITUR
1830 537 2352 641 conjefiuram
2396 535 2678 618 finitio.
2771 543 2985 617 Nam
3026 540 3157 645 qui
3197 565 3329 619 noa

963 647 966 648 ⁷
1067 652 1321 761 potest
1376 650 1634 730 dicere
1685 649 1881 730 nihil
1930 650 2220 740 seciae,
2284 653 2734 756 proximum
2790 648 3098 729 habebit
3134 671 3213 729 ut
3241 651 3334 730 di-

1071 787 1194 845 cat
1218 819 1243 855 ‚
1307 791 1469 843 non
1513 761 1593 842 id
1649 760 1900 840 feciffe
1944 760 2162 870 quod
2208 762 2587 862 objicitur.
2702 761 2966 869 ltaque
3028 761 3339 867 plerum-

1069 905 1221 986 que
1270 875 1564 981 legibus
1627 871 1896 952 iisdem
1953 874 2232 981 quibus
2274 875 2710 976 conjectura
2747 929 2771 964 ‚
2827 872 3187 963 versatur,
3229 873 3339 953 de-

1066 987 1430 1069 fenssonis
1483 1010 1787 1066 tantum
1838 1013 2124 1092 genere
2170 1007 2477 1066 mutato
2516 1017 2539 1064 2
2605 1006 2692 1065 ut
2761 988 2846 1064 in
2904 985 3122 1065 furtis
3153 1044 3176 1070 ‚
3229 984 3341 1065 de-

1070 1098 1333 1208 pofitis
1363 1155 1383 1182 ,
1454 1096 1870 1178 adulteriis.
2006 1104 2213 1177 Nam
2259 1094 2931 1205 quemadmodum
2996 1097 3344 1190 dicimus;

1068 1243 1209 1294 non
1223 1213 1385 1317 fici
1413 1212 1711 1317 fimum
1743 1266 1769 1292 ‚
1846 1241 1987 1290 non
2050 1238 2204 1289 acce
2246 1217 2277 1287 i
2342 1210 2711 1318 deposttum
2747 1264 2770 1299 ‚
2863 1238 3005 1288 non
3076 1209 3349 1314 commfi

1064 1323 1512 1404 adulterium
1550 1358 1576 1400 .·
1656 1325 1759 1399 ita
1794 1357 1814 1410 ‚-
1865 1352 2004 1401 non
2048 1323 2140 1427 est
2227 1350 2305 1401 oc
2315 1323 2615 1428 furtum
2635 1378 2657 1405 ‚
2690 1350 2843 1420 „non
2877 1322 2972 1425 est
3006 1319 3136 1401 hoc
3171 1323 3337 1432 depo·

1042 1436 1274 1539 sttum
1307 1471 1333 1525 ‚·
1384 1466 1525 1514 non
1547 1435 1666 1538 st
1696 1431 1821 1511 boc
1863 1435 2322 1516 adulterium.
2396 1438 2741 1513 Interim‘
2775 1461 2819 1512 a
2868 1433 3232 1540 qualitate
3246 1471 3251 1474 ⁷
3264 1430 3344 1511 ad

1070 1545 1524 1627 finitionem
1585 1542 2070 1624 descenditur
2103 1601 2129 1629 ‚
2186 1568 2269 1624 ut
2325 1549 2404 1624 in
2450 1543 2878 1625 actionibus
2930 1542 3344 1634 dementiae,

1073 1657 1298 1737 malae
1343 1658 1814 1737 tractationis
1849 1710 1872 1746 ,
1927 1656 2365 1762 reipublicae
2403 1656 2587 1737 laesae
2626 1688 2649 1735 2
2711 1659 2791 1735 in
2853 1658 3132 1763 quibus
3156 1657 3208 1738 fi
3241 1685 3342 1736 re-

1069 1770 1189 1849 ste
1220 1769 1414 1849 faeta
1466 1765 1608 1846 esse
1651 1793 1825 1873 quae
1858 1768 2381 1867 objiciuntur,
2436 1768 2588 1848 dici
2644 1796 2808 1847 non
2855 1769 3151 1874 potest',
3181 1767 3343 1848 illud

1065 1879 1433 1959 succurrit
1468 1910 1518 1973 3·
1550 1893 1711 1957 Non
1767 1879 1873 1982 est
1908 1879 2039 1960 boc
2073 1880 2463 1974 dementem
2504 1879 2621 1987 effe*
2667 1936 2693 1964 ‚
2756 1885 2946 1960 male
3007 1887 3327 1982 tradar,

1076 1989 1579 2101 rempublicam
1626 1990 1884 2070 laedere.
2023 1994 2303 2098 Finitio
2346 1996 2594 2099 igitur.
2632 1991 2742 2071 est
2800 1997 2913 2072 rei
2957 1990 3329 2099 proposltae

1076 2105 1394 2209 propria
1436 2108 1517 2183 &
1564 2099 1906 2183 dilucida
1969 2108 2046 2184 &
2090 2104 2440 2186 ‚breviter
2492 2103 3051 2209 comprehensa
3116 2105 3333 2186 verbis

1074 2217 1539 2294 enunciatio.
1655 2213 1973 2293 Constat
2018 2217 2402 2306 maxime,
2458 2213 2649 2295 ficut
2700 2215 2813 2295 est
2870 2216 3208 2302 dictum,
3238 2245 3344 2323 ge·

1073 2353 1260 2407 nere
1294 2357 1328 2419 ,·
1381 2325 1633 2432 specie
1664 2380 1685 2414 ‚
1745 2324 2272 2408 differentibus
2315 2383 2336 2411 ‚
2374 2332 2729 2435 propriis
2770 2359 2789 2407 z
2865 2351 2954 2408 ut
3007 2327 3070 2409 fi
3150 2329 3341 2410 fimas

1081 2430 1380 2544 equum
1413 2493 1437 2528 ,
1503 2449 1531 2532 (
1550 2459 1745 2516 noto
1804 2442 2020 2517 enim
2085 2443 2426 2521 maxime
2491 2465 2657 2519 utar
2718 2440 3095 2546 exemplo
3138 2447 3180 2541 )
3230 2469 3345 2548 ge-

1072 2574 1219 2628 nus
1270 2548 1381 2628 est
1419 2547 1706 2628 animal
1748 2586 1775 2627 .·
1831 2548 2109 2655 species
2143 2604 2165 2634 ‚
2211 2551 2544 2631 mortale
2583 2584 2601 2632 ε
2661 2550 3101 2637 differentia
3126 2611 3153 2645 ,
3182 2559 3339 2634 irra-

1076 2660 1366 2740 tionale
1421 2691 1440 2738 :
1529 2688 1715 2739 nam
1789 2667 1866 2740 ὅ(
1929 2662 2176 2741 homo
2230 2664 2562 2743 mortale
2609 2685 2772 2743 erat
2810 2671 3345 2772 :propi-ium,

1075 2771 1455 2852 hinniens,
1569 2775 1757 2850 Haee
1801 2769 2209 2853 adhibetur
2256 2778 2593 2855 orationi
2640 2779 2735 2856 'in
2796 2776 3150 2881 pluribus
3197 2807 3345 2859 cau-

1074 2881 1189 2963 fis.
1270 2890 1479 2963 Nam
1527 2904 1694 2961 tum
1729 2882 1841 2961 est
1896 2886 2199 2964 certum
2240 2885 2342 2965 de
2375 2891 2696 2968 nomine
2736 2918 2769 2978 ς
2816 2887 2959 2968 sed.
3000 2895 3345 2999 quaeritur

1075 3020 1247 3102 quae
1300 3023 1450 3075 res»⁴
1476 2995 1548 3073 ei
1603 2994 2066 3094 subjicienda
2104 2994 2199 3076 sit
2249 3032 2275 3074 .·
2338 3019 2512 3079 tum
2564 3027 2686 3080 res
2741 2999 2851 3078 est
2923 3003 3339 3091 manifesta,

1069 3104 1202 3185 sed
1268 3106 1367 3187 de
1416 3110 1738 3186 nomine
1800 3133 1963 3187 non
2024 3107 2345 3188 constat.
2493 3108 2828 3217 Qando
2888 3111 2988 3193 de
3044 3120 3337 3196 nomine

1076 3220 1376 3299 constat
1411 3275 1437 3310 ,
1494 3217 1593 3298 de
1653 3245 1738 3297 re
1780 3216 2105 3299 dubium
2158 3221 2267 3300 est
2307 3252 2329 3317 3
2390 3225 2706 3305 interim
2751 3227 3197 3325 conjectum
3232 3227 3346 3309 est:

1075 3351 1162 3408 ut
1201 3330 1257 3408 si
1319 3348 1703 3437 quaeratur
1752 3329 1946 3436 quid
1997 3330 2089 3412 fit
2128 3338 2360 3413 Deus.
2398 3394 2437 3407 ⁴.
2472 3339 2872 3443 Namequi
2930 3335 3017 3416 id
3088 3363 3348 3447 neget,

1072 3444 1339 3519 Deum
1365 3440 1512 3522 effi:
1531 3442 1883 3546 spiritum
1906 3446 2263 3524 omnibus
2301 3446 2641 3550 partibus
2671 3451 3130 3531 immixtum
3153 3487 3185 3541 ,-
3205 3479 3353 3531 non

1072 3552 1227 3630 hoc
1264 3549 1526 3641 dicat,
1583 3551 1857 3633 falsam
1916 3546 2327 3637 effe-illius
2378 3555 2658 3640 divinae
2696 3582 2982 3642 naturae
3020 3564 3355 3667 appella·

1074 3666 1434 3754 tionems
1489 3662 1678 3744 sicut
1709 3668 2094 3769 ‘Epicurus
2125 3725 2149 3761 ‚
2206 3673 2351 3776 qui*
2399 3669 2821 3755 humanam
2866 3676 2941 3752 ei
2988 3672 3352 3765 formam,

1071 3774 1501 3881 locumque
1537 3780 1746 3856 inter
1767 3778 2117 3860 ,mundos
2177 3779 2410 3867 dedit.
2472 3788 2799 3866 nomine
2840 3808 3176 3895 uterque
3206 3813 3354 3867 uno

1076 3888 1369 3979 utitur3
1430 3908 1697 3967 utrum
1738 3886 1829 3968 fit
1885 3893 1963 3971 in
2014 3919 2098 3971 re
2128 3948 2150 3984 ,
2191 3894 2585 3995 conjestat.
2681 3903 3003 3979 Interim
3032 3900 3355 4007 qualitas

1067 3999 1433 4106 tractatur
1467 4056 1492 4090 ,
1548 4021 1635 4083 ut
1666 4056 1691 4087 ,
1734 3999 1924 4111 quid
1978 4001 2070 4085 fit
2092 4003 2511 4115 'rhetorice
2549 4041 2575 4107 3
2638 4014 2752 4117 yis
2802 4010 3343 4122 persuadendi,

3003 4153 3108 4210 au
3146 4125 3335 4208 bene
