3557 5113
299 308 547 475 De
589 306 1037 519 Instit.
1079 312 1816 496 Oratoria,
1841 305 2139 466 Lib.
2170 312 2352 471 V.
2580 319 2787 466 132¹

185 631 445 732 debet,
507 638 569 723 fi
618 636 814 750 quid
866 636 1411 748 pro-diversa,
1461 632 1702 748 quam
1759 637 1823 725 fi
1890 640 2083 755 quid
2140 669 2291 752 pro
2338 645 2654 762 suae„
2681 676 2882 766 xm·

193 770 379 856 parte
447 754 728 833 acriter
792 753 1271 859 excogitarit.
1420 749 1713 836 Rursus
1756 753 2071 866 aliquid„
2110 759 2194 837 in
2245 755 2472 841 scolis
2521 848 2526 853 ,
2660 741 2678 763 ’
2861 740 2881 762 ’

189 863 784 970 permittendum
836 862 1140 969 semper
1174 921 1199 956 ‚
1245 866 1328 943 in
1380 859 1560 944 foro
1602 891 1798 945 raro.
1914 871 2128 948 Nam
2185 867 2370 951 Ioco
2424 897 2470 951 a

187 979 495 1079 petitore
537 981 813 1083 primo
859 974 1472 1057 contradistione
1515 980 1630 1055 uti
1674 982 1811 1085 qui
1844 980 2237 1086 possumus
2258 1035 2283 1072 ,
2329 981 2464 1063 ubi
2537 988 2541 995 ’

188 1112 346 1167 vera
390 1116 508 1168 res
545 1092 808 1195 agitur
841 1145 864 1180 ,
931 1115 1116 1167 cum
1189 1085 1657 1170 adversarius
1706 1085 1957 1171 adhuc
2002 1092 2207 1171 nihil
2240 1090 2463 1172 dixe-

193 1200 277 1278 rit
311 1200 333 1278 ?
377 1200 737 1281 Incidunt
781 1222 1052 1280 tamen
1090 1199 1444 1309 plerique
1477 1203 1559 1278 in
1609 1199 1761 1278 hoc
1797 1204 2078 1283 vitium
2113 1203 2245 1288 vel
2266 1229 2463 1287 con-

183 1309 552 1393 suetudine
594 1312 1147 1393 declamatoria
1184 1366 1208 1403 ,
1279 1311 1410 1395 vel
1469 1314 1705 1391 etiam
1745 1310 2167 1421 cupiditate
2194 1312 2461 1397 dicen-

188 1419 309 1503 di:
372 1423 712 1533 dantque
766 1422 870 1505 de
914 1422 992 1502 st
1029 1421 1678 1531 respondentibus
1721 1422 2288 1506 venustiffimos
2343 1425 2461 1509 lu-

187 1531 323 1627 sus,
360 1563 543 1617 cum
581 1535 829 1617 modo
862 1533 936 1616 se
967 1561 1163 1617 vero
1194 1536 1397 1616 nihil
1431 1533 1695 1615 dixisse
1719 1590 1744 1627 ‚
1774 1562 2035 1645 neque
2072 1558 2239 1617 tam
2271 1534 2457 1618 stul-

189 1668 256 1725 te
289 1646 613 1730 disturos
664 1680 683 1729 ε
751 1644 998 1731 modo
1071 1648 1271 1728 bene
1325 1645 1781 1728 admonitos
1845 1647 1939 1728 ab
1994 1645 2454 1742 adversario,

187 1763 260 1838 &
288 1786 502 1868 agere
552 1766 834 1870 gratias
865 1816 889 1850 ‚
954 1757 1170 1869 quod
1232 1757 1475 1861 adjuti
1525 1756 1675 1839 sint
1707 1815 1730 1851 ,
1802 1762 2166 1864 jocantur
2210 1794 2235 1856 3
2311 1760 2463 1841 fre-

183 1871 648 1979 quentiffnne
709 1900 900 1957 vero
939 1928 963 1963 ,
1029 1870 1111 1952 id
1155 1870 1374 1980 quod
1434 1868 1966 1953 firmissimum
2018 1870 2137 1950 est
2173 1926 2203 1963 ,
2259 1876 2455 1954 nun-3

181 2007 391 2095 quam
420 1989 512 2066 iis
550 1976 1112 2093 responsurum·
1133 1976 1652 2067 adversarium
1707 1981 1923 2093 fuiss'e
1958 2039 1988 2074 ,
2044 2008 2215 2093 quae
2270 2009 2457 2092 pro-

173 2095 396 2204 pofita
429 2123 599 2179 non
630 2098 915 2189 effitnt,
959 2095 1098 2178 nifi
1141 2095 1274 2178 ina
1322 2096 1543 2176 stiret
1599 2122 1786 2178 vera
1836 2095 1985 2177 esse
2004 2151 2032 2188 ‚
2088 2094 2174 2178 ὅτ
2199 2095 2307 2177 ad
2345 2094 2456 2176 fa-'

178 2208 484 2291 tendum
531 2208 1003 2292 conscientia
1040 2207 1224 2289 estet
1279 2206 1651 2315 impulsus
1697 2238 1717 2288 ε
1778 2228 1866 2288 ut
1918 2235 2067 2315 pro
2090 2207 2459 2289 Cluentio

175 2324 435 2403 Cicero
463 2360 489 2414 ‚-
540 2336 736 2406 Nam
791 2320 919 2402 hoc
955 2321 1246 2433 pefipe
1286 2321 1534 2426 dixisti
1575 2377 1598 2413 ‚
1670 2318 1815 2403 tibi
1830 2320 1939 2427 stc
2010 2327 2454 2405 renunciari,

176 2462 278 2513 me
318 2433 569 2516 habere
615 2445 697 2515 in
745 2442 990 2515 animo
1042 2434 1320 2542 causam
1364 2433 1549 2514 banc
1571 2433 1884 2545 prasidio
1933 2435 2102 2541 legis·
2137 2433 2451 2538 deftnde-

175 2576 263 2627 re.
308 2553 497 2629 itane
531 2546 628 2649 est
637 2555 678 2628 ?
739 2543 832 2628 ab
869 2552 1114 2628 amicis·
1148 2546 1630 2659 imprudentes
1667 2544 2003 2628 videlicet
2019 2543 2454 2656 prodimur?

181 2656 260 2751 ό·
302 2662 389 2766 ss
431 2660 656 2769 nesiio
700 2668 855 2772 quta·
900 2660 989 2741 de
1033 2665 1140 2740 iis
1238 2686 1366 2740 uos
1416 2667 1684 2742 amicos
1729 2656 1922 2740 noba?
1981 2654 2452 2745 arbitramur,

187 2779 297 2879 qni
336 2775 552 2880 nostra
615 2773 896 2883 cotfilia
947 2769 1055 2852 ad
1099 2688 1592 2880 aaZrerfierium
1647 2771 1922 2879 dfirat
1969 2775 2010 2848 ἓ
2089 2770 2455 2877 Qg‘sr'tam

182 2881 293 2964 boc
334 2884 479 2966 tibi
506 2891 972 2968 renunciavit
1003 2892 1043 2962 ἓ
1097 2890 1251 2995 quis
1299 2908 1451 2964 tam
1490 2880 1844 2998 improbus·
1878 2885 2049 2990 ficit
2078 2889 2117 2961 ,7
2170 2888 2294 2963 cui
2331 2913 2454 2991 ego

181 3022 393 3076 autem
429 3007 741 3080 narravi
780 3006 819 3078 ἓ
880 3009 1136 3082 Nemo,
1194 3020 1279 3078 ut
1338 3004 1579 3109 opinor
1598 3054 1619 3081 ,
1685 3004 1770 3076 in
1803 2998 2013 3106 culpa
2050 2994 2152 3099 est.
2226 3002 2451 3074 nimi·

179 3137 330 3188 rum
382 3108 510 3191 tibi
544 3110 745 3219 {stud
789 3113 911 3191 lex
946 3109 1096 3221 1]in
1147 3117 1616 3191 renunciavit.
1734 3111 1845 3186 At
1899 3103 2221 3296 quidam
2270 3132 2458 3185 con-

184 3217 607 3304 tradifflone
655 3251 824 3304 non
890 3224 1240 3303 contenti
1276 3277 1302 3304 ‚
1358 3240 1579 3301 totos·
1637 3220 1878 3298 etiam
1961 3243 2150 3297 ocos
2205 3217 2455 3324 expli-

181 3354 349 3411 cant
374 3369 404 3425 ‚·
447 3345 633 3418 Scire
657 3335 749 3443 Je‘
808 3333 935 3415 hoc
966 3335 1292 3415 diffusos
1352 3331 1799 3440 advetjsa'rios
1822 3386 1851 3415 -‚
1929 3325 2023 3423 ὀ*
2069 3336 2181 3409 ita
2221 3328 2453 3441 peist-

180 3469 452 3528 catnros.
613 3446 851 3548 Qiod
906 3446 1196 3548 fastum
1249 3442 1565 3527 venuste
1637 3439 1915 3523 nostris
1973 3442 2456 3548 temporibus

181 3555 377 3637 elusit
409 3561 685 3641 Vibius
737 3556 1043 3667 Crispus
1065 3613 1089 3651 ‚
1146 3561 1270 3640 vir
1325 3557 1622 3665 ingenii
1663 3551 1974 3660 jucundi
2016 3559 2099 3634 δε
2150 3551 2458 3662 elegan-

190 3667 278 3748 tis
317 3660 370 3766 ς’
401 3685 535 3783 Ego
567 3703 738 3751 vero
776 3728 802 3763 ‚
838 3675 1094 3780 inquit
1116 3726 1141 3763 ‚
1191 3672 1321 3772 ista
1367 3701 1510 3753 non
1549 3669 1724 3751 dico.
1832 3664 2024 3781 quid
2053 3672 2245 3747 enim
2284 3677 2467 3749 atti-

184 3804 298 3860 net
341 3787 454 3863 1·AEae
486 3783 591 3865 bic
618 3783 770 3863 dici
808 3791 849 3864 ?
902 3789 1490 3892 Nonnunquam
1552 3803 1819 3864 tamen
1863 3777 2157 3889 aliquid
2210 3777 2464 3861 simile

169 3896 754 3984 connadiffloni
785 3898 977 4005 poni
1018 3894 1272 4005 potest
1304 3951 1332 3987 ,
1390 3893 1450 4006 fi
1503 3894 1694 4005 quid
1736 3887 1830 3978 ab
1871 3891 2305 3976 adversario
2341 3912 2455 3974 te·-

162 4002 605 4092 stationibus
666 4008 1313 4116 comprehensum
1351 4063 1376 4103 ‚
1425 4011 1508 4089 in
1551 4005 2184 4095 advocationibus
2229 4004 2456 4109 jacta-

166 4141 318 4205 tum
355 4121 470 4208 fit.
593 4117 1264 4228 Respondebimus
1301 4122 1517 4202 enim
1548 4126 1664 4202 rei
1700 4122 1798 4207 ab
1834 4118 1986 4203 iuis
2024 4115 2267 4201 dictae,
2294 4140 2459 4196 non

1440 4236 1488 4313 S
1524 4257 1559 4311 s
2099 4301 2116 4334 χ
2234 4254 2281 4311 a
2321 4253 2467 4311 no·-
