3557 5113
754 242 1046 427 ³¹44
1412 258 1562 364 Μ.
1669 261 2034 362 ΡΑΒιι
2194 256 3142 419 Qmeritmm
3257 280 3272 295 ··

727 577 799 651 C
824 596 867 645 Α
900 596 959 648 p,
1033 576 1083 651 1
1140 546 1343 642 nos)
1405 570 1588 623 eum
1644 542 1915 622 multis
1955 540 2180 624 fimul
2222 540 2517 622 floruit·
2585 536 2908 648 ideoque
2952 545 3027 620 ὅ(
3071 524 3355 630 illorum,

1136 656 1242 738 de
1287 656 1569 771 quibus
1606 655 1828 763 supra
1875 652 2079 745 dixi,
2145 654 2289 734 fuit
2326 652 2679 735 aemulus,
2764 657 2842 731 &
2908 651 3096 731 ultra
3145 659 3359 732 Socra-

1144 791 1309 847 tem
1348 767 1579 876 usque
1619 768 1945 848 duravit.
2010 766 2621 873 Thrasymachus
2654 763 3191 844 Chalcedonius
3216 794 3358 845 cum

1138 881 1331 970 hoc,
1389 884 1469 960 ὅ(
1516 879 1873 960 Prodicus
1909 882 2182 981 Cejus,
2243 884 2321 959 ὅ(
2367 873 2774 956 Abderites
2830 879 3274 984 ProtagoraS,
3326 906 3359 958 a

1128 1020 1295 1100 quo
1375 989 1649 1071 decem
1739 990 2078 1070 millibus
2171 988 2668 1071 denariorum
2747 939 3093 1067 didicisse
3159 1012 3360 1067 artem

1123 1129 1364 1209 quam
1436 1100 1724 1191 edidit,
1804 1100 2167 1180 Euathlus
2225 1101 2553 1193 dicitur3
2633 1105 2711 1180 ὅ(
2787 1103 3094 1205 Hippias
3147 1101 3360 1193 EleuS,

1120 1220 1206 1295 ὃ(
1264 1240 1502 1322 quem
1551 1212 2040 1293 Palamedem
2072 1212 2287 1292 Plato
2323 1209 2704 1318 appellat,
2767 1210 3196 1290 Alcidamus
3230 1211 3358 1288 Ele

1124 1348 1306 1405 ates.
1403 1326 1812 1430 Antiphon
1866 1352 2179 1431 quoque
2224 1331 2301 1406 ὃ(
2352 1326 2793 1404 orationem
2833 1326 3116 1429 primus
3154 1324 3356 1401 omni-

1117 1465 1258 1517 um
1319 1435 1642 1541 scripsit,
1711 1442 1787 1516 8(
1859 1437 2365 1515 nihilominus
2445 1457 2692 1514 artem
2749 1438 2828 1513 ὅ(
2895 1433 3042 1540 ipse
3089 1458 3354 1538 compo-

1118 1547 1314 1639 suit,
1384 1554 1461 1630 ὃ(
1515 1575 1662 1653 pro
1713 1544 1785 1626 se
1835 1546 2099 1626 dixiss‘e
2158 1552 2458 1672 optime
2528 1544 2637 1623 est
2701 1543 3082 1624 creditus.
3170 1548 3358 1622 etiam

1118 1660 1603 1767 PylocrateS,
1656 1685 1698 1734 a
1752 1662 1911 1764 quo
1965 1656 2323 1763 scriptam
2374 1662 2455 1736 in
2511 1662 2922 1736 Socratem
2961 1656 3356 1735 diximuso

1120 1777 1563 1850 iationem:
1633 1773 1712 1848 &
1758 1768 2220 1848 Theodorus
2283 1775 2396 1875 By
2406 1771 2762 1857 zantiuS,
2820 1798 2914 1846 ex
2971 1771 3054 1868 ijs
3113 1772 3183 1847 &
3236 1764 3355 1871 ipse

1118 1909 1315 1989 quos
1353 1880 1567 1959 Plato
1610 1879 1947 1986 appellat
1992 1871 2512 1977 λεγοὲαῑὸοίλες.
2577 1885 2892 1958 Horum
2933 1881 3157 1986 primi
3184 1905 3354 1956 com-

1115 2017 1393 2072 munes
1439 1991 1654 2070 locos
1714 1990 2046 2069 trastass'e
2101 1990 2521 2081 dicuntur,
2576 1994 3076 2097 Protagoras,
3127 1989 3354 2095 Gorgi

1115 2131 1229 2186 as,
1270 2101 1657 2190 Prodicus,
1710 2108 1789 2182 &
1822 2101 2455 2209 Thrasymachus.
2507 2105 2828 2182 Cicero
2813 2131 2893 2182 in
2927 2106 3156 2182 Bruto
3176 2121 3354 2206 negat

1111 2220 1294 2294 ante
1332 2212 1705 2292 Periclem
1740 2210 2107 2320 scriptum
2146 2218 2560 2321 quicquam
2591 2214 2807 2321 quod
2848 2236 3190 2293 ornatum
3225 2236 3356 2289 ora-

1114 2329 1406 2407 torium
1472 2324 1780 2403 habeat:
1875 2328 2033 2419 ejus
2089 2326 2344 2434 aliqua
2384 2326 2589 2403 ferri.
2687 2325 3063 2434 Equidem
3103 2350 3238 2402 non
3267 2348 3356 2399 re-

1111 2439 1335 2542 perio
1402 2439 1818 2544 quicquam
1904 2457 2114 2515 tanta
2219 2437 2681 2543 eloquentia?
2771 2438 2974 2517 fama
3028 2435 3352 2542 dignum:

1113 2546 1447 2655 ideoque
1509 2550 1764 2627 minus
1815 2550 2062 2626 miror
2107 2548 2251 2628 effe
2293 2550 2430 2655 qui
2501 2547 2697 2627 nihil
2757 2549 2851 2630 ab
2901 2576 2997 2630 eo
3046 2547 3354 2653 scriptum

1117 2681 1431 2766 putent:
1501 2659 1662 2738 haec
1710 2677 1972 2737 autem
2025 2659 2194 2765 quae
2237 2661 2626 2750 feruntur,
2684 2659 2780 2739 ab
2821 2661 2983 2760 alijs
3015 2659 3150 2739 esse
3183 2682 3352 2737 com-

1118 2769 1381 2893 posita.
1478 2773 1619 2847 His
1684 2766 2087 2849 successere
2154 2771 2449 2861 multi,
2520 2769 2645 2850 sed
2708 2771 3148 2852 clarissimus
3197 2774 3355 2848 Gor-

1120 2885 1263 2990 giae
1302 2867 1787 2961 auditorum,
1839 2879 2238 2974 Isocrates,
2302 2907 2746 3006 quanquam
2796 2882 2892 2963 de
2944 2902 3355 3002 praeceptore

1124 2995 1287 3091 ejus
1348 2994 1553 3068 inter
1614 2992 1962 3071 austores
2010 3020 2174 3071 non
2232 2997 2619 3076 convenit.
2713 3020 2860 3075 nos
2921 3018 3167 3075 autem
3215 2991 3355 3070 Ari

1125 3100 1381 3182 stoteli
1423 3100 1826 3182 credimus.
1918 3106 2125 3184 Hinc
2179 3104 2393 3186 velut
2452 3102 2764 3186 diversae
2851 3106 3074 3187 secari
3151 3127 3355 3209 coepe·

1126 3235 1308 3295 runt
1369 3215 1529 3295 viae.
1627 3219 1835 3293 Nam
1901 3221 1981 3296 &
2037 3216 2379 3297 Isocratis
2436 3216 3019 3323 praestanusfimi
3062 3208 3360 3321 discipuli

1121 3325 1437 3406 fuerunt
1488 3329 1568 3402 in
1619 3328 1843 3403 omni
1898 3326 2323 3408 studiorum
2382 3356 2724 3435 genere.
2819 3355 3064 3439 eoque
3103 3334 3244 3431 jam
3279 3322 3363 3400 se

1122 3440 1347 3517 niore
1427 3435 1818 3526 (octavum
1874 3441 2087 3516 enim
2134 3445 2213 3518 ὅ(
2275 3439 2862 3545 nonagesimum
2900 3442 3231 3566 implevit
3253 3461 3359 3514 --an

1122 3552 1365 3639 num)
1409 3544 2023 3648 postmeridianis
2076 3549 2296 3629 scolis
2338 3552 2820 3633 Aristoteles
2830 3557 3221 3660 praecipere
3264 3574 3361 3624 ar·-

1127 3679 1293 3736 tem
1341 3658 1766 3733 oratoriam
1825 3662 2115 3764 eoepit,
2184 3682 2380 3740 noto
2437 3661 2758 3769 quidem
2800 3665 2939 3745 illo
3011 3675 3121 3759 (ut
3164 3655 3358 3743 tradi

1127 3780 1283 3866 tur)
1324 3764 1544 3847 versu
1581 3793 1679 3844 ex
1725 3767 2144 3851 Philocteta
2201 3772 2649 3913 frequenter
2701 3775 2888 3856 usus.

1206 3959 1207 3962 Ἴ
1317 3881 1529 3982 Aeqco':
1540 3908 1566 3950 ν
1614 3881 1879 3981 σιωπςῖν
1920 3912 2081 3977 μεν,
2127 3882 2235 3973 ,(9ιῖ
2267 3881 2637 3988 sempsit-nv
2691 3884 2804 3963 {iv
2858 3880 3092 3983 λε’.)καν

1320 3996 1538 4098 Turpe
1588 3985 1707 4096 effi
1744 4013 2008 4076 tacere,
2047 3993 2536 4146 &ficratem
2561 4007 2731 4113 pati
2765 4000 3017 4080 dicere.
3231 4104 3362 4181 Am
3399 4031 3406 4036 ·
