3557 5113
375 262 629 435 -De
673 256 1115 476 Instit.
1159 263 1872 446 Oratoria,
1906 258 2200 430 [ib⁴
2233 265 2332 431 I:
2617 324 2664 417 ’ς
2708 280 2854 424 65

268 616 398 710 que
442 605 651 683 varie
708 622 858 707 pro
906 618 1172 681 rerum
1212 588 1459 683 modo
1497 598 1943 702 adhibetur,
2006 605 2196 691 ficut
2233 613 2317 691 in
2372 636 2538 695 mu·
2563 622 2629 702 C
2655 639 2785 700 A».
2845 617 2948 704 X.

264 711 404 793 fiee.
493 719 860 821 Namque
911 718 992 794 ὃ(
1053 722 1246 795 voc‘e
1309 713 1389 795 &
1443 716 1978 802 modulatione
2028 722 2347 828 grandia
2382 724 2537 808 ela-

268 840 371 916 te,
419 821 749 928 jucunda
788 818 1119 904 dulciter
1148 874 1168 914 ‚
1237 824 1636 909 moderata
1675 825 1957 914 leniter
2002 836 2242 914 canit:
2338 854 2535 919 tota-

270 964 398 1043 que
444 956 606 1016 arte
661 936 1041 1016 consentit
1093 958 1277 1016 cum
1326 910 1602 1035 eoi-‘um
1648 964 1824 1051 quae
1874 940 2280 1037 dicuntur,
2356 948 2535 1029 affe-

265 1048 495 1130 stibus,
581 1048 827 1158 Atqui
877 1044 959 1127 in
1008 1046 1334 1145 orandl
1353 1048 1667 1160 quoquc
1721 1059 2052 1137 intentio
2109 1061 2320 1139 vocis
2343 1108 2367 1150 ,
2416 1088 2532 1140 re-

270 1158 493 1240 missio
512 1216 535 1250 ,
600 1160 847 1267 flexus
877 1215 901 1251 ‚
995 1162 1329 1267 pertinet
1388 1162 1486 1242 ad
1569 1165 2001 1250 movendos
2053 1162 2532 1253 audientium

273 1268 587 1352 aflectus:
667 1272 965 1379 aliaque
1015 1277 1094 1352 &
1142 1268 1677 1355 collocationis
1710 1277 1790 1357 8(
1818 1279 2027 1361 vocis
2069 1288 2210 1377 (ut
2247 1278 2534 1366 eodem

273 1405 419 1464 utar
460 1380 754 1481 verbo)
834 1376 1368 1465 modulatione
1463 1384 2068 1470 concitationem
2138 1385 2484 1496 judicum
2505 1451 2532 1488 ,

288 1497 412 1574 alia
476 1494 1074 1577 misericordiam
1120 1499 1495 1602 petimus:
1575 1524 1762 1579 cum
1837 1500 2078 1581 etiam
2177 1509 2529 1610 organis,

287 1604 511 1716 quibus
548 1608 808 1688 sermo
859 1606 1192 1715 exprimi
1237 1630 1401 1692 non
1452 1606 1706 1718 potest
1740 1663 1764 1702 ,
1829 1612 2036 1693 affici
2096 1617 2397 1697 animos
2451 1622 2531 1698 in

277 1718 623 1801 diversum
657 1718 1010 1801 habitum
1045 1718 1474 1801 sentiamus:
1552 1724 1926 1831 Corporis
1959 1745 2274 1834 quoque
2308 1750 2530 1834 aptus

276 1837 343 1915 δ(
400 1830 665 1917 decens
726 1850 986 1914 motus
1003 1889 1027 1925 ,
1092 1830 1226 1941 qui
1268 1827 1550 1913 dicitur
1602 1832 1925 1946 εὐρυθμία.
1946 1888 1970 1929 ,
2034 1830 2147 1916 est
2208 1832 2535 1920 necessad

256 1949 444 2037 rius,
498 1972 642 2026 nec
691 1938 998 2026 aliunde
1045 1947 1210 2051 peti
1251 1945 1550 2053 potest;
1618 1945 1701 2027 in
1753 1970 1924 2057 quo
1978 1944 2155 2056 pa'rs
2210 1948 2530 2032 actionis

246 2066 424 2139 'non‘
447 2062 768 2139 minima
812 2052 1193 2138 consistit:
1291 2080 1445 2165 qua
1481 2049 1579 2137 de
1617 2086 1702 2139 re
1743 2057 2107 2168 sepofitus
2152 2061 2376 2142 nobis
2419 2063 2531 2144 est

244 2168 478 2254 'locus
567 2168 743 2278 Age
778 2170 835 2251 fi
886 2164 1195 2259 habebit
1231 2169 1314 2248 in
1348 2170 1619 2276 primis
1675 2194 1940 2251 curam
1977 2170 2188 2253 vocis
2235 2189 2528 2266 orator,

266 2283 446 2389 'quid
503 2304 657 2365 tam
717 2281 1036 2365 musices
1082 2280 1554 2389 proprium?
1617 2279 1766 2363 Sed
1821 2306 1920 2365 ne
1978 2283 2140 2364 haec
2208 2281 2530 2392 quidem

284 2392 762 2500 praesumenda
815 2422 990 2505 pars
1027 2395 1169 2474 est:
1234 2415 1324 2474 ut
1365 2421 1526 2473 uno
1567 2396 1883 2473 interim
1914 2400 2261 2476 contenti
2297 2392 2532 2477 'fimus

285 2508 613 2619 exemplo
662 2514 750 2592 C.
786 2502 1118 2591 Gracchi
1167 2503 1532 2615 praecipui
1580 2504 1899 2587 suorum
1951 2522 2402 2613 temporum
2442 2536 2530 2591 o·-

271 2619 516 2704 raton‘s
548 2676 573 2716 ,
624 2627 751 2705 cui
816 2622 1306 2703 concionanti
1368 2611 1776 2700 confistens
1838 2615 2012 2727 post
2059 2640 2244 2699 eum
2298 2617 2526 2702 muli-

268 2760 415 2827 ωε,
476 2735 721 2816 fistula
764 2756 1002 2845 quam
1036 2727 1320 2841 τονάςιον
1359 2753 1639 2814 vocant
1662 2781 1684 2823 ‚
1738 2729 2024 2812 modos
2076 2733 2351 2840 quibus
2400 2724 2527 2813 de·

277 2844 453 2927 beret
505 2841 805 2929 intendi
829 2903 852 2938 ,
911 2841 1404 2925 ministrabat.
1500 2849 1686 2924 Haec
1727 2847 1964 2924 etiam
2004 2866 2187 2925 cura
2218 2842 2292 2922 ei
2326 2842 2530 2928 inter

270 2958 783 3041 turbidiffimas
848 2957 1179 3038 actiones
1217 3009 1241 3048 ‚
1293 2953 1425 3041 vel
1478 2953 1799 3035 terrenti
1857 2954 2272 3063 optimates
2302 3003 2326 3045 ‚
2372 2951 2530 3037 *vel

268 3067 403 3172 iam
455 3071 770 3154 timenti
840 3071 1005 3150 fiiit.
1103 3070 1337 3150 Libet
1403 3091 1727 3176 propter
1778 3061 2158 3176 quosdam
2221 3064 2531 3174 imperi-

274 3185 469 3266 tiores
503 3242 526 3279 ,
593 3185 836 3266 etiam
895 3173 1248 3262 crassiore
1339 3184 1471 3274 (ut
1518 3189 1852 3276 vocant)
1910 3178 2169 3268 musa,
2231 3176 2529 3259 dubita-

248 3299 533 3379 'tionem
593 3294 821 3404 hujus
887 3293 1236 3376 utilitatis
1282 3291 1647 3372 eximere.
1738 3291 1950 3369 Nam
2004 3287 2269 3400 poetas
2318 3306 2528 3371 certe

262 3409 606 3516 legendos
636 3410 936 3508 oratori
984 3405 1251 3488 fflturo
1299 3402 1840 3487 co'ncesserint:
1922 3429 2115 3482 num
2170 3397 2405 3509 igitur
2443 3399 2527 3484 hi

263 3515 390 3603 sine
444 3517 785 3605 musice?
874 3525 995 3602 Ac
1055 3519 1110 3622 fi
1159 3520 1329 3627 quis
1371 3535 1532 3596 tam
1573 3539 1812 3596 caecus
1847 3520 2084 3595 animi
2119 3514 2269 3599 est,
2309 3535 2396 3595 ut
2426 3512 2527 3595 de

274 3631 396 3736 aliis
441 3634 791 3729 dubitet3
858 3631 1031 3713 illos
1067 3649 1314 3722 certe,
1357 3628 1494 3737 qui
1516 3632 1856 3707 carmina
1895 3618 1992 3707 ad
2027 3624 2280 3735 lyram
2318 3646 2529 3706 com-

279 3746 671 3848 posuerunt.
768 3749 957 3825 Haec
1002 3739 1302 3824 diutius·
1340 3741 1608 3822 'forent
1646 3736 2021 3832 dicenda,
2078 3736 2136 3819 si
2163 3781 2168 3794 =
2192 3735 2531 3820 hocstu-

270 3851 445 3941 dium
474 3859 709 3945 ‘x‘relut
743 3883 1042 3960 novum
1084 3854 1641 3964 praeciperem?
1714 3855 1921 3935 Cum
1961 3873 2164 3963 :vero
2207 3854 2533 3959 antiqui-

253 3987 361 4050 tus
409 3999 448 4055 a
520 3973 890 4055 Chirone
946 3993 1174 4079 atque
1221 3964 1528 4051 Achille
1588 3964 1824 4076 usque
1890 3965 1987 4047 ad
2025 3964 2282 4046 nostra
2329 3986 2531 4044 tem-

241 4108 410 4190 pora
448 4080 678 4195 apud
718 4106 1034 4176 omncS,
1095 4085 1230 4191 qui
1281 4071 1539 4166 modo'
1580 4079 2017 4189 legitimam
2050 4075 2533 4186 disciplinam

385 4233 398 4244 ·
1406 4197 1442 4275 l
1500 4217 1541 4273 2
2363 4206 2532 4266 non
