3557 5113
307 273 549 435 De
577 266 1776 474 Institeomtmta,
1807 261 2114 423 Lib:
2137 189 2390 429 IV.
2569 295 2828 418 227

212 595 473 679 milern.
592 602 766 678 Nec
805 599 1017 677 enim
1061 595 1294 678 refert
1333 617 1430 678 an
1478 621 1627 707 pro
1668 591 1925 684 lucida
1972 595 2482 710 perspicuam,
2509 611 2694 694 Cn.
2748 595 2868 694 m,

213 736 334 818 pro
371 706 768 794 verifimili
817 709 1301 816 probabilem
1354 709 1904 798 credibilemve
1944 712 2311 795 dicamu3.
2339 721 2484 799 Ea-

212 819 369 901 dem
402 820 629 902 nobis
683 820 936 928 placet
987 820 1296 904 divisio:
1364 843 1813 933 quanquam
1862 832 1942 908 δε
2016 826 2478 911 Aristoteles

208 935 291 1012 ab
334 934 648 1014 {socrate
694 953 913 1039 parte
959 937 1043 1013 in
1093 961 1241 1013 una
1278 933 1728 1028 diffinierit,
1788 960 2263 1046 praeceptum
2305 941 2477 1021 bre-

210 1048 432 1126 vitatis
483 1043 811 1124 irridens
832 1097 857 1136 ,
896 1015 1292 1153 tanquam(
1306 1047 1593 1127 necesse
1644 1048 1735 1130 s1't
1781 1050 2100 1159 longam
2139 1071 2269 1131 aut
2309 1052 2472 1132 bre-

208 1184 360 1240 vem
410 1156 560 1238 esse
598 1155 1203 1263 expositionem,
1261 1184 1407 1238 nec
1462 1159 1686 1241 liceat
1741 1165 1854 1241 ire
1912 1153 2053 1269 per
2095 1162 2469 1245 medium.

204 1266 620 1351 Theodorei
680 1293 997 1378 quoque
1045 1268 1288 1350 solam
1365 1269 1817 1380 relinquunt
1868 1275 2227 1353 ultimam
2294 1302 2469 1381 par-

204 1399 378 1467 tem,
430 1384 617 1490 quia
671 1407 818 1461 nec
879 1383 1213 1463 breviter
1260 1384 1528 1491 utique
1584 1409 1728 1464 nec
1777 1380 2109 1465 dilucide
2164 1384 2468 1492 semper

205 1490 281 1572 fit
312 1493 494 1573 utile
537 1520 950 1600 exponere.
1044 1497 1228 1596 Qo
1257 1490 1696 1601 diligentius
1725 1484 2257 1603 distinguenda
2296 1497 2470 1577 sunt

201 1603 500 1712 singula,
556 1626 643 1686 ut
686 1600 872 1715 quid
923 1601 1445 1714 quoque'loco
1482 1604 1761 1714 profit,
1807 1604 2228 1689 ostendam.
2269 1613 2468 1688 Nar-

205 1722 371 1799 mtio
431 1717 545 1799 est
598 1729 737 1799 'aut
796 1736 961 1796 tota
1021 1739 1170 1824 pro
1236 1717 1457 1798 nobis
1478 1770 1504 1809 ‚
1576 1740 1706 1800 aut
1764 1740 1931 1799 tota
1986 1745 2135 1826 pro
2196 1715 2466 1800 adverss

206 1828 408 1922 sario,
466 1852 597 1912 aut
636 1834 884 1909 mixta
919 1857 1018 1909 ex
1057 1826 1412 1937 utrisque.
1507 1833 1582 1909 Si
1632 1845 1782 1910 erit
1828 1850 1992 1911 tota
2022 1855 2171 1939 pro
2213 1830 2462 1924 nobis,

204 1948 516 2025 contenti
582 1940 817 2022 sunus
871 1942 990 2046 his
1040 1941 1286 2021 ‘tribus
1337 1941 1720 2048 partibus,
1773 1963 1918 2049 per
1974 1969 2158 2051 quas
2225 1937 2469 2022 effici-

204 2071 336 2148 tur,
392 2067 559 2166 quo
602 2052 839 2157 judex
898 2051 1191 2134 facilius
1254 2052 1676 2159 intelligat.
1740 2057 2230 2144 meminerit,
2297 2079 2458 2136 cre-

198 2162 322 2248 dat.
480 2171 660 2247 Nec
729 2164 1133 2275 quisquam
1179 2163 1769 2270 reprehensione
1816 2164 2143 2272 dignum
2193 2187 2413 2271 putet
2434 2221 2459 2256 ,

200 2279 376 2384 quod
406 2278 951 2386 proposuerim
1002 2297 1177 2356 eam
1230 2296 1401 2383 quae
1451 2274 1542 2355 fit
1599 2297 1764 2356 tota
1809 2297 1957 2381 pro
2006 2278 2270 2366 nobis,
2326 2271 2460 2354 de-

203 2388 348 2471 bere
380 2391 527 2471 effe
588 2387 1085 2473 verisimilem
1106 2443 1131 2480 ,
1187 2407 1371 2468 cum
1412 2412 1594 2470 vera
1627 2385 1739 2467 fit.
1808 2394 1995 2468 Sunt
2053 2393 2262 2467 enim
2288 2386 2458 2494 piu-
2547 2441 2552 2444 -

201 2505 364 2585 rima
420 2530 612 2590 vera
657 2499 979 2611 quidem
1006 2556 1030 2592 ,
1091 2497 1218 2582 sed
1261 2519 1541 2609 parum
1587 2495 1982 2589 credibilia
2004 2554 2026 2591 ‚
2089 2497 2278 2582 sicut
2319 2495 2455 2582 fal-

200 2613 261 2695 fi
291 2640 598 2726 quoque
645 2616 762 2696 fre
818 2632 1089 2694 uenter
1138 2606 1593 2696 verisimilia.
1686 2619 1949 2718 Qare
1991 2636 2156 2693 non
2198 2615 2457 2694 minus

205 2722 675 2810 laborandum
727 2641 836 2806 ea
882 2747 975 2807 ut
1035 2724 1269 2827 judex
1329 2741 1499 2833 quae
1546 2746 1726 2806 vera
1790 2722 2118 2805 dicimus
2141 2780 2163 2815 ‚
2216 2748 2456 2831 quam

204 2865 338 2947 φη
382 2840 795 2948 fingimus,
875 2836 1152 2917 eredat.
1191 2835 1203 2846 ’
1244 2841 1460 2916 ‘Sunt
1510 2833 1836 2944 quidem
1888 2836 2046 2926 hae,
2107 2862 2292 2946 quas
2333 2833 2454 2913 su-

200 2977 316 3057 pra
357 2953 621 3043 retuli,
682 2954 1004 3034 virtutes
1023 3004 1047 3039 ,
1097 2948 1419 3029 aliarum
1466 2971 1780 3056 quoque
1820 2951 2180 3054 partium.
2243 2952 2458 3027 Nam

202 3065 272 3144 ὅ(
318 3091 438 3171 per
476 3088 737 3147 totam
764 3060 1164 3143 'astionem
1198 3055 1509 3143 vitanda
1540 3059 1651 3139 est
1683 3056 2096 3140 obscuritas
2117 3115 2139 3151 ‚
2166 3062 2247 3140 δε
2277 3082 2455 3138 rno-

207 3171 331 3254 dus
391 3176 665 3287 ubique
734 3172 1309 3256 custodiendus,
1366 3174 1449 3251 &
1498 3164 1896 3251 'credibilia
1941 3168 2087 3250 effe
2139 3188 2457 3278 oportet

202 3294 428 3367 omnia
467 3316 641 3399 quae
685 3285 1062 3368 dicuntur.
1138 3283 1485 3363 Maxime
1531 3294 1799 3362 tamen
1835 3282 1996 3360 haec
2037 3285 2120 3360 in
2157 3308 2244 3361 ea
2286 3306 2457 3388 par-

206 3416 271 3475 te
316 3398 798 3483 custodienda
854 3396 1021 3478 sunt
1041 3450 1065 3489 ,
1111 3408 1283 3503 ‘quae
1316 3397 1570 3502 prima
1616 3391 1955 3498 judicem
2011 3392 2280 3473 docet:
2369 3396 2455 3473 in

206 3531 330 3614 qua
361 3511 409 3593 fi
450 3509 823 3596 acciderit
871 3534 959 3590 ut
1015 3530 1146 3589 aut
1201 3532 1364 3587 non
1419 3501 1844 3620 intelligat,
1885 3525 2036 3586 ¹aut
2085 3528 2247 3585 non
2283 3514 2457 3584 “mc-

210 3622 468 3708 minerit
488 3682 510 3717 ,
568 3647 709 3704 aut
766 3650 925 3702 non
975 3619 1234 3702 credat
1256 3675 1278 3711 ‚
1339 3616 1610 3700 frustra
1652 3621 1735 3698 in
1784 3615 2096 3725 reliquis
2155 3612 2453 3699 labora-

210 3726 431 3827 bimus.
517 3732 692 3817 Erit
753 3757 1017 3814 autem
1069 3748 1329 3837 aperta
1404 3734 1742 3810 narratio
1796 3750 2026 3838 atque
2069 3726 2403 3809 dilucida
2427 3783 2453 3820 ,

205 3835 256 3919 fi
303 3842 501 3951 faerit
555 3850 911 3955 primum
966 3840 1310 3951 exposita
1355 3843 1607 3926 verbis
1662 3845 2000 3950 propriis
2035 3846 2113 3923 &
2159 3836 2457 3950 fignifi-

193 3950 496 4059 cantibus
528 4015 555 4052 ‚
617 3962 701 4040 ὅ(
761 3982 921 4038 non
982 3942 1301 4057 sordidis
1355 3952 1675 4065 quidem
1697 3980 1727 4047 ‚·
1781 3972 2271 4047 nontamen
2324 3952 2459 4033 cx'-

182 4069 439 4176 fluifitis
462 4128 489 4168 ‚
558 4072 649 4155 ’δε
715 4071 807 4152 ab
882 4052 1015 4152 ίιῙῖι
1074 4072 1450 4259 remot‘isf
1544 4080 1739 4152 tum*
1769 4060 2119 4152 distinsta
2183 4066 2414 4147 rebus
2432 4115 2457 4146 .

1332 4182 1384 4261 F
1492 4202 1535 4259 2
2290 4200 2467 4286 per·-
