3557 5113
704 264 852 411 34
1129 258 1282 376 M·
1404 260 1845 407 *PAR-iffi
1992 256 3228 409 Qt-Ncr‘itraiqi.

560 550 699 659 §A
722 575 786 662 ι’3
839 562 935 647 V.
988 556 1181 640 bum
1203 613 1226 653 ,
1261 586 1501 669 quem
1551 583 1716 638 non
1764 558 2041 663 recipit
2094 555 2349 639 versus
2410 558 2813 638 heroicus.⁴
2944 560 3308 660 separata

986 699 1181 753 vero
1241 672 1405 752 haec
1448 727 1470 761 ,
1549 698 1593 750 a
1645 691 2037 778 praecepto
2087 697 2249 751 non
2309 666 2722 749 recedent:
2802 687 2932 747 aut
2972 664 3061 769 ‚fi
3097 664 3311 744 ‘con-

983 782 1312 885 suetudo
1358 785 1629 866 vicerit
1653 839 1675 874 ‚
1731 802 1952 866 vetus
1995 780 2128 861 lex
2193 776 2564 861 sermonis
2619 778 3070 890 abolebitur.
3164 804 3307 856 cu-

981 899 1101 1002 jus
1156 893 1554 976 difficilior
1599 891 1805 1000 apud
1848 898 2158 981 Graecos
2205 893 2636 975 observatio
2680 891 2792 971 est
2820 948 2842 981 ‚
2908 895 3092 999 quia
3135 888 3314 997 plu-

982 1037 1074 1090 ra
1121 1007 1271 1089 illis
1328 1005 1699 1116 loquendi
1744 1033 2028 1111 genera
2057 1061 2100 1095 ,,
2135 1033 2323 1114 quas
2387 992 2775 1089 διαλέκτους
2825 1024 3167 1113 vocant:
3220 1006 3313 1082 δε

878 1218 885 1222 ,
988 1112 1208 1229 quod
1264 1118 1445 1200 alias
1492 1115 1858 1200 vitiosum
1891 1171 1915 1206 ‚
1982 1120 2299 1216 interim
2352 1116 2532 1195 alias
2576 1117 2872 1219 testum
2915 1113 3060 1220 est:
3094 1111 3314 1219 apud

987 1260 1134 1325 nos
1199 1261 1391 1313 vero
1445 1227 1883 1333 brevissima
1933 1232 2131 1309 ratio
2171 1261 2193 1323 3
2257 1255 2595 1336 namque
2643 1230 2723 1337 in
2769 1228 3001 1338 ‘omni
3058 1252 3257 1305 voce
3282 1280 3310 1313 ,

984 1365 1212 1424 acuta
1254 1348 1455 1423 intra
1503 1368 1922 1431 numerum
1993 1342 2233 1420 trium
2285 1339 2747 1447 syllabarum
2798 1340 3243 1425 continetur
3280 1393 3308 1426 ‚

985 1454 1144 1537 five
1200 1454 1319 1534 hae
1376 1454 1523 1534 sint
1570 1453 1938 1553 invcrbo
2000 1450 2176 1532 solae
2211 1508 2235 1543 ,
2296 1450 2454 1533 five
2496 1452 2792 1532 ultima:
2832 1482 2849 1528 ε
2918 1455 2996 1529 &
3048 1454 3129 1528 in
3157 1450 3314 1559 ‘his

986 1588 1125 1646 aut
1185 1571 1546 1672 proxima
1601 1588 1968 1643 extrema>
2002 1620 2024 1654 ,
2103 1587 2233 1644 aut
2303 1564 2397 1642 ab
2470 1590 2561 1642 ea
2595 1558 2598 1561 ’
2637 1566 2881 1643 tertia.
2987 1564 3317 1670 ‘Trium

987 1705 1238 1787 porro
1289 1676 1385 1757 de
1448 1678 1724 1786 quibus
1770 1676 2059 1782 loquor
2101 1729 2125 1765 ‚
2179 1672 2439 1754 media
2495 1673 2730 1780 longa
2757 1731 2777 1765 ,
2844 1695 2975 1754 aut
3001 1694 3239 1780 acuta·
3281 1728 3313 1763 ,

990 1814 1127 1870 aut
1162 1787 1379 1869 flexa
1430 1792 1616 1868 erit:
1685 1786 1968 1867 eodem
2014 1786 2196 1880 loco
2226 1786 2477 1891 brevis
2507 1790 2774 1894 utique
2807 1812 3131 1894 gravem
3169 1782 3318 1863 ha-

989 1901 1204 1982 bebit
1255 1900 1570 1980 sonum:
1610 1897 1969 2007 »ideoque
2017 1897 2350 2005 posltam
2387 1920 2571 1978 ante
2618 1896 2729 1990 sc,
2796 1896 2878 1977 id
2918 1897 3032 1978 est
3061 1898 3156 1977 ab
3195 1894 3321 1978 ul-

988 2015 1184 2093 tima
1242 2016 1550 2091 tertiam
1588 2066 1612 2099 ,
1679 2031 1919 2090 acuet.
2016 2010 2143 2101 Est
2206 2032 2469 2099 autem
2527 2012 2608 2090 in
2672 2013 2894 2091 omni
2967 2038 3161 2094 voce
3219 2038 3322 2091 u·-

987 2114 1204 2231 tique
1280 2146 1560 2213 acuta„
1646 2119 1773 2202 sed
1835 2110 2235 2231 nunquam
2296 2121 2468 2233 plus
2531 2149 2739 2231 una:
2818 2150 2962 2202 nec
3013 2121 3311 2202 ultima

984 2231 1387 2343 unquam-2
1456 2233 1787 2345 ideoque
1825 2238 1906 2314 in
1943 2234 2372 2342 dissyllabis<
2391 2237 2625 2344 prior.
2708 2238 3077 2317 Praeterea
3112 2262 3316 2314 nun-

983 2373 1255 2455 quarnw
1290 2351 1372 2429 in
1422 2345 1697 2426 eadem
1723 2405 1747 2440 ‚
1803 2347 2004 2430 flexa
2051 2354 2131 2430 ὅ(
2191 2370 2431 2428 acuta.
2501 2351 2769 2456 utique
2819 2371 3093 2428 neutra
3137 2346 3313 2427 clu-

983 2457 1122 2541 det
1173 2484 1455 2541 vocem
1494 2461 1876 2541 Latinam.
1970 2466 2075 2541 Ea
2120 2488 2309 2543 vero
2347 2488 2518 2568 quae
2563 2458 2734 2540 sunt
2784 2458 3085 2568 syuabae
3137 2464 3324 2538 uni-

983 2597 1075 2651 us
1109 2626 1131 2661 ‚
1198 2595 1424 2652 erunt
1491 2595 1713 2653 acuta
1763 2593 1895 2652 aut
1979 2572 2183 2654 flexa
2212 2627 2236 2663 ,
2323 2600 2422 2652 ne
2474 2570 2567 2653 fit
2617 2572 2871 2679 aliqua
2918 2599 3077 2653 vox
3143 2571 3322 2654 sine

979 2701 1228 2763 acuta.
1330 2690 1424 2763 Et
1461 2682 1592 2762 illa
1642 2711 1786 2791 per
1826 2682 2054 2766 sonos
2104 2682 2487 2788 ,accidunt
2527 2741 2550 2777 ,
2606 2710 2780 2793 quae
2831 2680 3320 2792 demonstra-

981 2796 1057 2873 ri
1099 2793 1383 2903 scripto
1450 2819 1613 2874 non
1652 2785 1979 2984 foffunt
2014 2852 2038 2888 ‚
2102 2800 2288 2881 vitia
2351 2800 2507 2878 oris
2562 2801 2643 2879 ὅ(
2695 2795 3026 2903 linguae:
3093 2801 3336 2879 lurore.

980 2902 1240 3002 κισ-μεὶς
1303 2911 1384 2989 &
1442 2907 1656 3005 λαιμς
1693 2900 1997 3007 amem-235
2028 2957 2053 2993 ‚
2115 2903 2498 3018 ἰχνότηταξ
2572 2913 2650 2988 &
2723 2904 3253 3007 πλαττιασμὲς
3290 2965 3321 2999 ‚

979 3016 1367 3098 feliciores
1439 3016 1822 3126 fingendis
1891 3022 2339 3102 nominibus
2412 3023 2665 3101 Graeci
2710 3043 3044 3102 vocant:
3113 3017 3322 3101 sicut

983 3127 1419 3229 κριλοςσμῖων
1453 3187 1481 3221 ‚
1544 3124 1728 3214 cum
1798 3160 1959 3234 vox
2009 3131 2220 3241 quasi
2292 3135 2381 3240 in¹
2429 3130 2714 3212 recess'u
2761 3135 2920 3211 oris
2973 3127 3323 3215 auditur.

983 3246 1181 3340 Sunt
1250 3246 1488 3336 etiam
1550 3231 1847 3352 proprii
1909 3242 2260 3355 quidam.¹
2297 3250 2375 3327 &
2463 3243 3002 3325 inenarrabiles
3086 3243 3258 3323 soni
3280 3299 3316 3334 ,

990 3355 1272 3460 quibus
1332 3382 1898 3463 nonnunquam
1971 3361 2322 3437 nationes
2383 3353 3040 3462 reprehendimus.
3146 3356 3322 3435 Re-

990 3468 1233 3545 motis
1284 3468 1520 3570 igitur
1573 3465 1934 3545 omnibus
1980 3494 2153 3574 quae
2206 3467 2427 3575 supra
2474 3465 2811 3550 diximus
2866 3472 3113 3559 vitiis,
3151 3470 3327 3548 erit

989 3573 1130 3680 ina
1171 3602 1363 3683 quae.
1409 3598 1734 3686 yocatur
1794 3574 2123 3681 ὄρθοὲπτμ.
2157 3636 2183 3670 ,
2253 3578 2335 3660 id
2402 3578 2514 3659 est
2540 3635 2564 3670 ‚
2648 3576 3056 3661 emendata
3120 3605 3335 3661 cum

991 3684 1363 3767 suavitate
1408 3698 1696 3770 vocum
1751 3689 2211 3797 explanatio.
2309 3719 2497 3771 narn
2546 3689 2648 3771 fic
2703 3693 2945 3797 accipi
3002 3690 3272 3797 potest
3294 3749 3335 3786 ,

993 3798 1222 3878 resta.
1309 3806 1617 3894 Caetera
1655 3805 1842 3883 vitia
1891 3806 2158 3885 omnia
2203 3830 2301 3884 ex
2351 3802 2697 3909 pluribus
2734 3804 3053 3885 vocibus
3087 3801 3274 3884 sunt
3301 3839 3330 3887 :

993 3935 1361 4020 quorum·
1385 3909 1496 3990 est
1547 3909 2015 4022 soloecifinus
2056 3944 2076 3991 ε
2163 3941 2617 4024 ‚quanquam
2654 3917 2856 3998 circa
2908 3917 3065 3996 hoc
3112 3941 3342 4023 quo-

992 4047 1177 4135 ⁸que=
1215 4020 1684 4136 disputauun
1721 4023 1857 4109 est.
1952 4051 2139 4110 nam
2193 4030 2431 4134 etiam
2484 4030 2626 4143 qui
2678 4027 3346 4151 complexu-ora·-⁴

1040 4197 1045 4200 -
2117 4201 2122 4208 ι
3067 4158 3337 4226 nolus
