3557 5113
783 296 1031 423 '260
1376 289 1532 400 M:
1620 291 1999 399 F-Anxt
2141 291 3154 431 Qunc‘rimam

713 597 905 685 Cu.
966 598 1048 680 ΙΙ.
1127 578 1267 666 nifi
1336 600 1469 661 aut
1556 582 1867 662 inventa
1950 572 2618 686 quantulacunque
2665 578 2898 661 causae
2951 578 3398 666 differentia.

1131 717 1259 779 aut
1302 691 1554 799 aliqua
1614 691 1741 772 vel
1786 687 2216 774 eorundem
2275 687 2398 770 vel
2453 689 2791 786 ejusdem
2845 692 3396 796 potestatisho-

1132 808 1438 883 minum
1491 801 1872 908 posterior
1917 800 2405 888 constitutio,
2459 826 2627 906 qua:
2683 801 2779 883 sit
2834 806 3079 908 priori
3130 827 3400 884 contra.

1133 921 1263 1002 ria.
1330 942 1500 1027 quae
1534 914 1590 999 fi
1645 912 1986 1007 decrint,
2032 912 2125 991 lis
2162 936 2323 991 nou
2362 914 2531 993 crit.

717 1208 905 1292 c„
962 1210 1111 1288 111
1353 1172 1735 1249 FAMAM
1800 1189 2030 1276 atque
2071 1191 2422 1245 rumores
2463 1192 2637 1272 pars
2682 1156 2919 1248 altera
2964 1166 3395 1248 consensum

1129 1282 1458 1363 civitatis
1491 1286 1569 1360 ὅ(
1605 1280 1819 1359 velut
1865 1279 2266 1385 publicum
2306 1277 2834 1357 testimonium
2872 1302 3138 1360 vocat·
3121 1337 3141 1371 ‚
3238 1280 3397 1357 alte·

1131 1419 1217 1471 ra
1277 1392 1712 1471 sermonem
1755 1389 1912 1469 fine
1967 1389 2131 1468 ullo
2173 1408 2384 1466 certo
2431 1390 2737 1467 auctore
2796 1388 3255 1495 dispersum,
3289 1393 3397 1469 cui

1132 1504 1569 1608 malignitas
1604 1504 1914 1580 initium
1954 1500 2293 1588 dederit,
2358 1502 2923 1580 incrementum
2966 1500 3393 1580 credulitas:

1126 1614 1342 1719 quod
1391 1612 1581 1691 nulli
1625 1637 1788 1689 non
1848 1614 2083 1689 etiam
2141 1608 2766 1689 innocentissimo
2809 1609 3037 1715 possit
3070 1609 3398 1694 accidere

1127 1723 1394 1806 fraude
1418 1724 1917 1801 inimicorum
1956 1723 2135 1803 falsa
2170 1719 2674 1828 vulgantium.
2764 1723 3140 1830 Exempla
3177 1727 3405 1803 utrin-

1130 1863 1282 1946 que
1315 1862 1478 1916 non
1518 1831 1862 1915 deerunt.

712 2099 908 2182 Cn,
967 2101 1095 2179 lv
1350 2091 1640 2171 SICUT
1697 2092 1777 2166 in
1816 2089 2224 2168 tormentis
2272 2111 2628 2195 quoque,
2680 2091 2815 2196 qui
2855 2087 2963 2168 est
3013 2087 3233 2170 locus
3262 2089 3401 2168 frc-

1122 2198 1676 2308 quentiffimus,
1701 2228 1883 2279 cum
1917 2226 2092 2329 pars
2125 2199 2364 2278 altera
2383 2199 2910 2324 quaestionem,
2938 2229 3121 2280 vera
3162 2201 3391 2280 faten-

1121 2313 1206 2392 di
1248 2309 1763 2392 necestitatem
1812 2300 2089 2398 vocet,
2142 2309 2377 2388 altera
2425 2308 2614 2416 saepe
2652 2314 2893 2389 etiam
2929 2310 3234 2391 causam
3281 2311 3398 2390 fal-

1116 2425 1196 2503 sa
1243 2419 1582 2503 dicendi:
1650 2419 1865 2526 quod
1913 2421 2076 2500 aliis
2121 2423 2488 2524 patientia
2519 2421 2742 2500 facile
2778 2420 3278 2502 mendacium
3309 2422 3399 2503 fa-

1110 2540 1307 2626 ciat,
1369 2536 1530 2614 aliis
1565 2529 1967 2611 infirmitas
2007 2529 2796 2633 necessarium.Q1id
2839 2535 3115 2614 attinet
3159 2533 3258 2614 de
3289 2533 3397 2613 his

1110 2646 1392 2752 plura?
1460 2645 1704 2723 Plenae
1766 2640 1937 2722 sunt
1994 2644 2389 2722 orationes
2442 2666 2796 2723 veterum
2855 2672 2945 2722 ac
2994 2673 3393 2727 novorum.

1105 2754 1481 2857 Qaedam
1533 2777 1794 2833 tamen
1849 2756 1928 2830 in
1986 2754 2129 2832 hac
2171 2776 2390 2857 parte
2429 2777 2654 2834 erunt
2693 2758 3011 2860 propria
3046 2757 3396 2866 cujusque

1101 2869 1279 2946 litis.
1397 2872 1603 2943 Nam
1645 2861 1796 2944 five
1853 2861 1950 2941 de
1995 2860 2343 2943 habenda
2396 2864 2815 2971 quaestione
2869 2891 3183 2971 agetur,
3242 2870 3393 2974 plu-

1099 2985 1394 3059 rimum
1470 2976 1864 3056 intererit,
1928 2977 2137 3081 quis,
2202 2977 2283 3055 δε
2339 2998 2575 3081 quem
2630 2975 2966 3102 postulet
3024 3001 3162 3058 aut
3220 2978 3400 3059 offc-

1096 3113 1256 3180 rat,
1314 3094 1414 3168 &-
1453 3092 1535 3165 in
1586 3112 1870 3193 quem,
1938 3091 2015 3166 ὅ(
2060 3113 2159 3166 ex
2203 3109 2354 3192 qua
2404 3083 2652 3165 causa:
2709 3084 2913 3168 five
2892 3115 3047 3188 jam
3089 3092 3244 3172 erit
3280 3091 3400 3170 ha-

1097 3203 1299 3285 bita,
1364 3203 1532 3306 quis
1583 3201 1653 3277 ei
1705 3198 2132 3301 praefuerit,
2191 3200 2355 3304 quis
2400 3202 2478 3278 δ(
2533 3197 2939 3305 quomodo
2987 3197 3078 3277 sit
3118 3223 3398 3293 tortus3

1102 3323 1203 3392 an
1230 3310 1620 3392 credibilia
1659 3307 1990 3398 dixerit,
2035 3335 2131 3389 an
2170 3312 2372 3387 inter
2408 3307 2479 3385 se
2531 3308 2992 3401 constantia3
3058 3312 3403 3415 perseve-

1093 3426 1380 3503 raverit
1426 3427 1506 3498 in
1553 3445 1649 3497 eo
1696 3417 1915 3524 quod
1968 3439 2345 3523 coeperat,
2384 3445 2481 3496 an
2542 3418 2831 3524 aliquid
2891 3418 3175 3500 dolore
3237 3452 3400 3503 mu-

1100 3536 1321 3613 tarit:
1412 3533 1663 3636 prima
1713 3551 1933 3634 parte
1997 3529 2430 3638 quaestionis
2469 3583 2492 3618 ,
2551 3556 2647 3609 an
2703 3527 3182 3634 procedente
3242 3563 3407 3615 cru-

1098 3647 1327 3722 ciatu.
1429 3647 1621 3733 Quae
1690 3644 2048 3754 utrinque
2115 3662 2277 3724 tam
2355 3637 2654 3721 infinita
2697 3639 2897 3726 sunt,
2970 3667 3218 3749 quam
3261 3645 3407 3755 ipsa

1099 3781 1368 3840 rerum
1404 3772 1744 3836 VarlCtaS·

689 4000 880 4111 §ng
933 3998 1034 4104 Υ
1304 3976 1750 4057 CONTRA
1836 3973 2122 4056 tabulas
2162 3929 2479 4082 {noque
2536 3971 2723 4080 saepe
2782 3970 3112 4052 dicium
3113 4025 3141 4063 ‚
3210 3970 3409 4079 saepc

1115 4085 1533 4205 dicendum
1575 4085 1721 4174 est.
1783 4113 1969 4199 epm
2006 4112 2133 4178 eas
2166 4111 2333 4195 3399
2368 4083 2723 4198 Q
2663 4083 2957 4202 τοῑοῌὶ
2993 4083 3129 4171 sed
3165 4087 3408 4304 Ξτςὶέ

1115 4178 1355 4205 δ--Ψ-.-ψηο
1396 4189 1530 4197 ι--ιννω
