3557 5113
237 176 448 344 De
477 170 914 385 [wit.
943 169 1672 356 omma.
1698 168 1815 327 L
1828 162 2385 332 flavin.
2485 180 2745 407 485„

161 490 244 576 {d
269 490 518 595 justam
551 488 1169 597 magnitudinem
1202 482 1636 571 adolescere
1678 488 1931 599 potest
1963 552 1985 579 .
2032 490 2243 602 quod
2266 490 2383 585 lo-
2410 512 2598 592 Cu.
2620 503 2718 588 V.
2766 558 2803 572 .-

156 628 234 685 00
268 609 340 684 in
376 623 603 712 quem
644 601 971 685 crescat,
1033 603 1292 682 caret(
1360 604 1526 680 Nec
1554 602 1857 712 pistura·
1895 607 1976 685 in
2006 632 2154 713 qua
2189 607 2387 689 nihil

158 715 620 797 circumlitum
662 713 773 792 est
836 769 857 803 ‚
938 717 1251 794 eminet.
1345 710 1679 819 ideoque
1737 714 2071 796 artifices
2136 721 2376 798 etiam

159 853 300 907 cum
336 827 543 933 plura
588 828 668 903 in
716 853 946 904 unam
982 824 1315 904 tabulam
1358 848 1595 928 opera
1627 826 2118 908 contulerunt
2158 886 2180 920 ,
2224 829 2426 935 ipa-¹¹

161 940 254 1019 tiis
286 937 747 1045 distinguunt
788 992 809 1026 ‚
865 961 963 1015 ne
1009 937 1298 1015 umbra:
1328 942 1408 1012 in
1452 936 1782 1040 corpora
1829 936 2126 1019 cadant.
2183 942 2387 1021 Facit

161 1046 515 1129 reseadem
558 1048 938 1127 concisam
963 1072 1275 1156 quoque
1316 1049 1774 1126 orationem.
1819 1045 2157 1131 Subsistit
2183 1057 2397 1143 enim

159 1163 363 1240 omnis
397 1160 763 1239 sententia
809 1189 828 1237 ε
899 1157 1230 1266 ideoque
1275 1155 1449 1262 post
1484 1184 1656 1236 eam
1699 1163 1965 1268 utiquc
2032 1160 2236 1243 aliud
2278 1165 2390 1243 est

160 1272 440 1352 initium.
553 1266 777 1352 Unde
835 1268 1080 1349 soluta
1115 1270 1275 1347 fere
1308 1271 1564 1347 oratio
1602 1322 1624 1358 ‚
1663 1271 1741 1350 &
1787 1299 1830 1348 e
1873 1271 2180 1377 lingulis
2226 1301 2391 1354 non

161 1382 518 1466 membris,
559 1379 689 1461 sed
728 1377 977 1463 frustis
1013 1376 1333 1460 collesta
1377 1432 1400 1470 ‚
1457 1377 1827 1460 struCtura
1876 1405 2147 1479 caret,;
2205 1412 2388 1465 cum

160 1492 262 1573 illa
300 1491 623 1574 rotunda
667 1498 744 1574 &
801 1489 1141 1600 undiquc
1201 1490 1639 1571 circumcisa
1680 1492 2013 1574 infistere
2053 1498 2389 1576 invicem

157 1628 502 1713 nequeant.
602 1607 878 1686 Praeter
899 1604 1053 1685 hoc
1087 1606 1325 1684 etiam
1348 1601 1573 1683 color
1604 1602 1760 1711 ipse
1795 1603 2104 1687 dicendi
2126 1635 2393 1716 quam7

161 1713 311 1796 libet
353 1718 588 1798 clarus
635 1771 658 1800 ‚
728 1716 992 1797 multis
1050 1726 1312 1796 tamen
1362 1741 1448 1795 ac
1520 1719 1748 1798 variis
1788 1715 2001 1800 velut
2073 1719 2393 1827 maculi}

163 1827 661 1935 conspergitur.
730 1831 970 1909 Porro
1016 1849 1099 1907 ut
1131 1827 1456 1933 ‚afferent
1507 1826 1776 1908 lumen
1805 1829 2058 1912 clavus
2101 1836 2179 1910 &
2212 1859 2396 1937 pur-

161 1962 330 2042 purae
360 1938 527 2021 loco
567 1940 865 2022 insertae
902 1994 924 2031 ,
969 1939 1075 2018 ita
1113 1937 1329 2043 certe
1370 1943 1772 2021 neminem
1830 1939 2099 2023 deccat
2153 1945 2384 2023 inter·

162 2070 332 2130 texta
357 2053 697 2158 pluribus
739 2056 940 2132 notis'
978 2048 1228 2131 vestis.
1337 2054 1595 2154 Quare
1637 2051 1822 2132 licet
1866 2054 2027 2134 haec
2073 2057 2392 2147 enitere,

160 2166 224 2239 &
258 2163 710 2269 aliquatenus
747 2164 1039 2245 exstare
1075 2159 1481 2243 videantur
1538 2218 1563 2254 ‚
1627 2185 1888 2243 tamen
1931 2164 2227 2244 lumina
2271 2165 2401 2271 illa

158 2273 648 2359 non'flammae
687 2331 711 2368 ,
750 2274 880 2357 sed
922 2273 1264 2355 scintillis
1300 2275 1503 2353 inter
1548 2274 1855 2354 fiimum
1894 2277 2399 2356 emicantibus

161 2382 390 2466 similia
464 2389 759 2469 dixeris
806 2418 824 2466 ε
878 2414 1051 2496 quae
1085 2412 1182 2465 ne
1225 2408 1592 2492 apparent
1639 2390 1644 2395 ’
1686 2384 1952 2466 uidem
1989 2442 2013 2479 ,
2061 2389 2192 2467 ubi
2222 2382 2400 2489 ,tota

159 2492 335 2579 lucet
372 2505 623 2584 oratio
667 2531 685 2579 ε
740 2501 940 2581 utin
979 2496 1135 2579 sole
1156 2496 1397 2580 sidera
1431 2497 1587 2604 ipsa
1679 2498 1975 2580 efinunt
2002 2501 2213 2580 cerni
2254 2534 2279 2579 .·
2319 2502 2400 2594 ὅζ

162 2633 296 2715 quae
323 2615 599 2695 crebris
630 2611 1034 2720 parvisque
1070 2609 1464 2691 conatibus
1507 2611 1579 2694 se
1603 2610 2018 2702 attollunt,
2052 2614 2403 2721 ,inaequaf-

162 2716 240 2798 lia
275 2746 550 2806 tantmn
578 2780 604 2817 ,
651 2730 732 2805 δε
788 2724 1004 2805 velut
1053 2722 1514 2828 ,confragola
1550 2780 1574 2808 ‚
1615 2729 1762 2803 nec'
1803 2722 2405 2804 admirationem

163 2834 689 2945 consequuntur
723 2837 1247 2916 eminentium
1272 2889 1295 2924 ,
1331 2839 1410 2914 &
1442 2833 1852 2941 planorum
1870 2838 2197 2943 gratiam
2228 2861 2400 2941 per·

159 2941 338 3026 dunt.
433 2954 614 3030 Hoc
656 2974 972 3056 quoque
1010 2943 1326 3038 accidit,
1375 2944 1590 3054 quod
1627 2944 1815 3026 solas
1858 2947 2198 3053 captanti
2237 2944 2406 3025 sen-

160 3061 424 3150 centias,
466 3061 766 3142 multas
805 3057 1097 3140 necesse
1136 3056 1246 3137 est
1284 3055 1540 3137 dicere
1580 3058 1832 3142 leves,
1892 3058 2203 3163 frigidas
2237 3114 2257 3140 ‚
2297 3060 2403 3152 in·

163 3190 349 3272 eptas.
384 3199 538 3254 non
588 3174 809 3253 enim
851 3170 1101 3279 potest
1140 3167 1287 3248 effe
1324 3167 1662 3249 delestus
1687 3225 1709 3259 ,
1773 3168 1906 3248 ubi
1937 3196 2263 3248 numero
2298 3168 2407 3246 la-

163 3278 450 3364 boratur.
561 3283 907 3392 Ideoque
946 3282 1201 3365 videas
1241 3285 1318 3361 &
1350 3274 1805 3362 divifionem
1844 3307 1989 3386 pro
2042 3280 2415 3359 sententia

158 3399 339 3495 poni,
354 3401 422 3477 ὅτ
443 3417 997 3504 argumentum
1014 3431 1039 3472 .-
1054 3394 1182 3488 s1t3
1209 3414 1508 3472 tantum
1543 3397 1620 3472 in
1646 3391 1974 3486 clausula
1996 3397 2072 3473 ὃ(
2098 3398 2175 3471 in
2194 3389 2408 3472 'calce

158 3507 677 3606 pronuncietur
750 3539 772 3603 3
826 3507 1145 3606 Occidisti
1183 3503 1475 3584 uxbrem
1510 3506 1647 3615 ists?
1695 3494 1982 3586 'idulter
2020 3536 2039 3584 τ
2090 3536 2227 3584 non
2243 3507 2403 3611 fer,-

155 3644 296 3694 rem
316 3643 374 3699 te
400 3621 675 3729 etianfi
700 3618 1152 3727 repudiqffe'n
1192 3613 1466 3695 divifio
1505 3617 1635 3696 cst.
1706 3628 1826 3700 Vis
1835 3618 2029 3723 stite
2063 3618 2413 3697 &menum

153 3726 263 3831 ff
277 3757 695 3816 mortum
713 3741 752 3811 ?
770 3737 1051 3812 viveret
1080 3729 1287 3828 homo
1303 3729 1443 3844 nest
1453 3729 1641 3816 illud
1661 3727 1926 3835 bibfft
1944 3766 1967 3806 .·
2007 3753 2412 3836 argumen-

150 3860 296 3920 tum
332 3844 447 3926 est.
508 3853 695 3926 Nec
734 3844 1014 3923 multas
1053 3839 1853 3950 pleriquefsententias'
1906 3840 2219 3932 dicunt}
2282 3837 2413 3934 sed

143 3959 379 4040 omnia
413 3979 797 4069 tanquam
825 3955 1248 4037 sententias.
1278 4000 1283 4006 ·
1333 3952 1535 4034 Huic
1568 3953 2019 4072 quibusdam
2028 3954 2420 4077 :contrarij

427 4090 442 4099 .
824 4083 843 4103 .
1248 4083 1310 4155 ο
1328 4093 1370 4148 0
1387 4093 1429 4148 ο
1484 4089 1520 4167 3
2284 4083 2427 4142 um
