3557 5113
806 241 1036 398 232
1383 241 1535 345 M.
1622 213 2009 348 fanu
2139 242 3145 374 (Lomentum

726 539 921 636 Cu.
964 540 1056 615 11.
1148 531 1322 609 Milo
1352 551 1590 609 autem
1620 557 1788 608 cum
1823 536 1906 607 in
1925 527 2191 633 senatu
2215 523 2464 631 fiuffl‘t
2517 555 2592 608 eo
2635 527 2754 607 die
2784 527 3012 637 quoad
3027 519 3277 633 finatus
3291 515 3367 625 ιβ

1147 638 1465 745 ὀίνηρβὶις
1486 697 1508 723 ,
1561 640 1846 720 domum
1897 647 2097 718 ‘venit
2115 696 2136 722 ,
2187 641 2448 719 calceos
2497 636 2589 731 ὠ
2639 642 3034 740 vestimenta
3079 642 3361 720 mutavit,

1118 757 1488 866 paulisper
1517 752 1689 831 dum
1706 753 1795 857 fi
1834 777 2056 833 uxor,
2116 773 2198 829 ut
2229 753 2359 850 fit.
2407 776 2764 861 comparat
2777 809 2802 835 ‚
2844 772 3256 831 commoratus
3287 741 3363 848 ss.

1150 872 1416 966 Qam
1484 863 1678 941 nihil
1733 884 2157 969 praeparato
2183 916 2205 950 ‚
2257 861 2464 939 nihil
2525 863 2877 942 festinato
2927 857 3152 939 fecisse
3213 854 3363 935 vide·

1147 998 1279 1056 tur
1315 973 1545 1054 Milo!
1632 972 1878 1070 -Quod
1915 1000 2085 1051 non
2133 970 2384 1050 splum
2421 973 2655 1054 rebus
2701 969 2871 1080 ipfis
2926 976 3038 1051 vir
3076 965 3364 1074 eloquen—

1150 1084 1477 1167 tiffimus
1500 1141 1522 1174 ‚
1588 1085 1859 1192 quibus
1911 1109 2167 1162 moras
2220 1087 2302 1164 ὅ(
2348 1083 2651 1164 lentum
2688 1085 3160 1190 profectionis
3206 1073 3365 1156 ordi-

1144 1225 1342 1277 nem
1387 1195 1639 1286 ducit,
1695 1195 1824 1274 sed
1866 1196 2115 1275 verbis
2161 1197 2409 1272 etiam
2462 1197 2897 1302 vulgaribus
2939 1200 3016 1274 &
3115 1185 3366 1269 uotidia-

1147 1312 1308 1400 ωε,
1367 1313 1448 1387 ὅ(
1500 1328 1661 1385 arte
1706 1304 2022 1386 ¹occulta
2073 1305 2516 1385 consecutus
2555 1309 2698 1386 est:
2817 1335 2933 1386 uae
2965 1303 3018 1383 fi
3137 1306 3253 1381 'ter
3285 1295 3367 1374 di-

1146 1420 1270 1499 sta
1316 1417 1593 1510 essent,
1657 1418 1974 1522 strepitu
2026 1417 2276 1523 ipsum
2327 1416 2666 1518 judicem
2702 1446 2755 1498 a
2859 1407 3365 1496 custodiendum

1148 1552 1572 1637 patronum
1616 1527 2017 1609 excitasset.
2108 1524 2404 1634 Frigida
2442 1527 2808 1610 videntur
2842 1524 2975 1607 ista
3025 1515 3364 1632 plerisque:

1143 1639 1280 1721 sed
1325 1642 1476 1721 hoc
1527 1639 1692 1746 ipso
1745 1636 2233 1718 manifestum
2276 1638 2387 1716 est
2411 1695 2431 1729 ‚
2494 1635 2904 1748 quomodo
2955 1635 3252 1739 judicem
3289 1629 3367 1707 fe-

1142 1750 1474 1841 fellerit,
1550 1749 1765 1857 quod
1845 1752 1980 1829 vix
2042 1779 2096 1828 -a
2166 1751 2454 1828 tenore
2522 1749 3134 1857 deprehenditur..
3231 1743 3368 1820 Haec

1147 1861 1324 1942 sunt
1372 1889 1541 1970 quae
1580 1859 2035 1942 credibilem
2073 1861 2370 1940 faciunt
2423 1862 3011 1968 expositionem.
3099 1861 3274 1939 Nam
3298 1874 3367 1928 ne

1148 1975 1531 2052 contra-ria
1581 1994 1717 2053 ⁴aut
1749 1971 1891 2052 fibi
1927 1974 2439 2078 repugnantia
2476 1976 2556 2052 in
2596 1977 3034 2056 narratione
3072 1968 3369 2050 dicamus,

1148 2081 1208 2164 fi
1269 2086 1394 2163 eui
1440 2081 2050 2189 praecipiendum
2104 2083 2254 2173 est,
2304 2087 2372 2162 is
2413 2084 2707 2193 reliqua
2757 2085 3033 2166 frustra
3071 2079 3369 2161 docetur:

1147 2192 1449 2275 etiamfi
1502 2193 1821 2302 quida-m
1882 2194 2286 2300 scriptor-es
2344 2197 2630 2275 artium
2681 2197 2836 2276 hoc
2914 2219 3205 2304 quoque
3252 2209 3370 2264 tan-

1142 2332 1384 2415 quam
1426 2306 1821 2386 occultum
1865 2311 1943 2385 &
2013 2333 2056 2384 a
2112 2306 2185 2384 ie
2228 2304 2649 2412 prudenter
2699 2332 3010 2389 erutum
3035 2362 3056 2397 ‚
3107 2297 3371 2384 tradunt·

1146 2421 1293 2497 His
1348 2418 1594 2497 tribus
1628 2415 1994 2497 narrandi
2028 2417 2434 2498 virtutibus
2493 2416 2863 2520 adjiciunt
2919 2415 3218 2527 quidam
3252 2432 3372 2486 ma·

1146 2527 1727 2636 gnificentiam,
1784 2556 2019 2637 quam
2054 2524 2652 2639 μεγαλοπρέπειαν
2705 2554 3034 2613 vocant:
3097 2551 3245 2636 qua:
3276 2545 3375 2598 ne-

1015 2676 1023 2682 ·
1144 2666 1301 2747 que
1338 2644 1422 2720 in
1489 2668 1769 2723 omnes
1803 2639 2057 2720 causas
2104 2640 2354 2733 cadit,
2415 2651 2648 2737 (nam
2688 2644 2883 2750 quid
2931 2649 3014 2723 in
3061 2631 3373 2748 plerisque

1138 2750 1439 2855 judiciis
1474 2755 1814 2858 privatis,
1855 2750 1952 2830 de
2020 2779 2101 2830 re
2135 2775 2344 2833 certa
2408 2752 2746 2845 credita,
2812 2757 3072 2835 locato
3133 2756 3200 2830 &
3239 2766 3374 2823 con·

1141 2861 1404 2954 dust0,
1468 2862 1891 2943 interdictis
1931 2918 1958 2952 ,
2028 2862 2316 2943 habere
2386 2864 2543 2944 loci
2633 2863 2892 2971 potest
2983 2865 3191 2971 supra
3253 2878 3377 2934 1110·

1146 2972 1340 3053 dum
1402 2973 1477 3053 se
1540 2973 1826 3054 tollens
1894 2977 2146 3053 oratio
2170 2974 2255 3072 ἓ)
2408 3003 2557 3054 nec
2616 2977 2922 3086 semper
2994 2977 3101 3057 est
3180 2964 3375 3049 utilis.

1142 3106 1239 3165 ut
1290 3085 1418 3166 vel
1473 3087 1845 3192 proximo
1903 3087 2271 3191 exemplo
2320 3088 2754 3169 Miloniano
2806 3113 3041 3197 patet.
3134 3085 3218 3163 Et
3256 3101 3378 3156 me-

1144 3198 1607 3279 minerimus
1659 3196 1947 3277 multas
2023 3195 2169 3277 effe
2219 3197 2514 3291 causas,
2589 3205 2674 3280 in
2723 3202 3003 3310 quibus
3057 3188 3380 3277 confiten-

1140 3307 1382 3400 dum,
1428 3307 1993 3399 excusandum,
2055 3307 2664 3393 submittendum
2712 3311 2808 3393 sit
2864 3308 3081 3423 quod
3112 3300 3385 3409 exponi-

1050 3506 1065 3511 ,
1138 3446 1353 3499 mus:
1445 3421 1719 3526 quibus
1785 3419 2150 3515 omnibus
2195 3422 2438 3503 aliena
2501 3424 2610 3504 est
2665 3422 2802 3505 illa
2850 3415 3386 3531 magnificentiae

1141 3533 1405 3613 virtus.
1529 3536 1788 3630 Qare
1834 3557 1998 3610 non
2051 3537 2302 3637 magis
2351 3541 2760 3642 proprium
2812 3531 3254 3617 narrationis
3305 3516 3388 3599 est

1138 3637 1556 3745 magnifice
1637 3640 1896 3721 dicere
1927 3699 1953 3726 ,
2031 3669 2268 3751 quam
2335 3644 2904 3740 miserabiliter,
3007 3633 3388 3725 invidiose,

1134 3754 1518 3858 graviter,
1570 3749 1939 3844 dulciter,
2003 3757 2339 3838 urbane:
2435 3786 2605 3868 quae
2673 3788 2857 3841 cum
2914 3755 3052 3839 suo
3111 3769 3390 3863 quaequss

1137 3861 1325 3943 10⁶0
1367 3860 1510 3941 sint
1554 3862 1956 3944 laudabilia
1981 3921 2003 3955 2
2060 3895 2223 3949 non
2263 3870 2433 3950 sunt
2470 3871 2647 3952 huie
2697 3872 2896 3980 parti
2929 3870 3235 3976 proprie
3262 3854 3393 3978 assi:

1130 3997 1372 4087 gnata
1396 4029 1422 4068 ‚
1470 3980 1549 4058 δε
1612 3974 1825 4060 velut
1888 3975 2212 4087 dedita„
2287 3983 2419 4062 Illa
2471 4009 2783 4093 quoque
2857 4006 2947 4063 ut
3016 3974 3393 4063 narratiom

2666 4110 2672 4116 ’
3228 4103 3388 4191 apta»
