<?xml version="1.0" encoding="UTF-8"?>
<!DOCTYPE html PUBLIC "-//W3C//DTD XHTML 1.0 Transitional//EN"
    "http://www.w3.org/TR/xhtml1/DTD/xhtml1-transitional.dtd">
<html xmlns="http://www.w3.org/1999/xhtml" xml:lang="en" lang="en">
 <head>
  <title>
</title>
<meta http-equiv="Content-Type" content="text/html;charset=utf-8" />
  <meta name='ocr-system' content='tesseract 3.04.00' />
  <meta name='ocr-capabilities' content='ocr_page ocr_carea ocr_par ocr_line ocrx_word'/>
</head>
<body>
  <div class='ocr_page' id='page_1' title='image "./deinstitutioneo00obregoog_0162.png"; bbox 0 0 3557 5113; ppageno 0'>
   <div class='ocr_carea' id='block_1_1' title="bbox 756 186 3130 361">
    <p class='ocr_par' dir='ltr' id='par_1_1' title="bbox 756 186 3130 361">
     <span class='ocr_line' id='line_1_1' title="bbox 756 186 3130 361; baseline -0.004 -22"><span class='ocrx_word' id='word_1_1' title='bbox 756 221 885 356; x_wconf 58' lang='lat'>‘18</span> <span class='ocrx_word' id='word_1_2' title='bbox 1192 318 1203 333; x_wconf 93' lang='lat'><strong>.</strong></span> <span class='ocrx_word' id='word_1_3' title='bbox 1303 186 1461 338; x_wconf 67' lang='lat' dir='ltr'>M}</span> <span class='ocrx_word' id='word_1_4' title='bbox 1572 196 1933 333; x_wconf 52' lang='lat' dir='ltr'>saian</span> <span class='ocrx_word' id='word_1_5' title='bbox 2035 199 3130 361; x_wconf 49' lang='lat' dir='ltr'>‘Quaeramus</span> 
     </span>
    </p>
   </div>
   <div class='ocr_carea' id='block_1_2' title="bbox 612 508 3466 4183">
    <p class='ocr_par' dir='ltr' id='par_1_2' title="bbox 612 508 3466 3984">
     <span class='ocr_line' id='line_1_2' title="bbox 612 508 3342 625; baseline 0 -30"><span class='ocrx_word' id='word_1_6' title='bbox 612 520 843 611; x_wconf 61' lang='grc' dir='ltr'>(ξω.</span> <span class='ocrx_word' id='word_1_7' title='bbox 889 525 971 608; x_wconf 89' lang='lat'>11.</span> <span class='ocrx_word' id='word_1_8' title='bbox 1034 521 1615 625; x_wconf 72' lang='lat' dir='ltr'>praecipientur:</span> <span class='ocrx_word' id='word_1_9' title='bbox 1670 518 1758 594; x_wconf 79' lang='lat' dir='ltr'>in</span> <span class='ocrx_word' id='word_1_10' title='bbox 1790 512 2029 604; x_wconf 73' lang='lat' dir='ltr'>scola,</span> <span class='ocrx_word' id='word_1_11' title='bbox 2090 519 2325 597; x_wconf 87' lang='lat' dir='ltr'>etiam</span> <span class='ocrx_word' id='word_1_12' title='bbox 2373 541 2548 622; x_wconf 81' lang='lat' dir='ltr'>quae</span> <span class='ocrx_word' id='word_1_13' title='bbox 2577 512 2766 595; x_wconf 77' lang='lat' dir='ltr'>aliis.</span> <span class='ocrx_word' id='word_1_14' title='bbox 2812 510 3103 593; x_wconf 87' lang='lat' dir='ltr'>Audiet</span> <span class='ocrx_word' id='word_1_15' title='bbox 3133 508 3342 595; x_wconf 71' lang='lat' dir='ltr'>mu}-</span> 
     </span>
     <span class='ocr_line' id='line_1_3' title="bbox 1044 623 3342 736; baseline -0.003 -28"><span class='ocrx_word' id='word_1_16' title='bbox 1044 652 1120 708; x_wconf 90' lang='lat' dir='ltr'>ta</span> <span class='ocrx_word' id='word_1_17' title='bbox 1168 628 1516 736; x_wconf 82' lang='lat' dir='ltr'>quotidie</span> <span class='ocrx_word' id='word_1_18' title='bbox 1571 628 1932 735; x_wconf 85' lang='lat' dir='ltr'>probari,</span> <span class='ocrx_word' id='word_1_19' title='bbox 1967 627 2212 706; x_wconf 85' lang='lat' dir='ltr'>multa</span> <span class='ocrx_word' id='word_1_20' title='bbox 2257 630 2563 731; x_wconf 79' lang='lat' dir='ltr'>corrigi.</span> <span class='ocrx_word' id='word_1_21' title='bbox 2622 623 2972 731; x_wconf 85' lang='lat' dir='ltr'>proderit</span> <span class='ocrx_word' id='word_1_22' title='bbox 3024 623 3342 726; x_wconf 87' lang='lat' dir='ltr'>alicujus</span> 
     </span>
     <span class='ocr_line' id='line_1_4' title="bbox 1043 736 3344 849; baseline -0.007 -27"><span class='ocrx_word' id='word_1_23' title='bbox 1043 743 1445 849; x_wconf 87' lang='lat' dir='ltr'>objurgata</span> <span class='ocrx_word' id='word_1_24' title='bbox 1496 738 1810 820; x_wconf 84' lang='lat' dir='ltr'>desidia:</span> <span class='ocrx_word' id='word_1_25' title='bbox 1903 738 2252 844; x_wconf 88' lang='lat' dir='ltr'>proderit</span> <span class='ocrx_word' id='word_1_26' title='bbox 2303 737 2606 817; x_wconf 89' lang='lat' dir='ltr'>laudata</span> <span class='ocrx_word' id='word_1_27' title='bbox 2664 736 3065 817; x_wconf 86' lang='lat' dir='ltr'>industria:</span> <span class='ocrx_word' id='word_1_28' title='bbox 3131 739 3344 815; x_wconf 60' lang='lat' dir='ltr'>exci-</span> 
     </span>
     <span class='ocr_line' id='line_1_5' title="bbox 1049 847 3341 958; baseline -0.004 -24"><span class='ocrx_word' id='word_1_29' title='bbox 1049 855 1337 935; x_wconf 90' lang='lat' dir='ltr'>tabitur</span> <span class='ocrx_word' id='word_1_30' title='bbox 1382 852 1606 932; x_wconf 90' lang='lat' dir='ltr'>laude</span> <span class='ocrx_word' id='word_1_31' title='bbox 1681 851 2124 932; x_wconf 72' lang='lat' dir='ltr'>aemulatio:</span> <span class='ocrx_word' id='word_1_32' title='bbox 2192 872 2416 958; x_wconf 85' lang='lat' dir='ltr'>turpe</span> <span class='ocrx_word' id='word_1_33' title='bbox 2500 849 2730 929; x_wconf 89' lang='lat' dir='ltr'>ducet</span> <span class='ocrx_word' id='word_1_34' title='bbox 2792 847 3062 929; x_wconf 83' lang='lat' dir='ltr'>cedere</span> <span class='ocrx_word' id='word_1_35' title='bbox 3128 851 3341 953; x_wconf 80' lang='lat' dir='ltr'>pari,</span> 
     </span>
     <span class='ocr_line' id='line_1_6' title="bbox 1046 959 3342 1073; baseline -0.003 -27"><span class='ocrx_word' id='word_1_36' title='bbox 1046 965 1469 1073; x_wconf 84' lang='lat' dir='ltr'>pulchrum</span> <span class='ocrx_word' id='word_1_37' title='bbox 1495 961 1862 1072; x_wconf 77' lang='lat' dir='ltr'>superasse</span> <span class='ocrx_word' id='word_1_38' title='bbox 1906 966 2254 1065; x_wconf 87' lang='lat' dir='ltr'>majores.</span> <span class='ocrx_word' id='word_1_39' title='bbox 2346 959 2811 1041; x_wconf 86' lang='lat' dir='ltr'>Accendunt</span> <span class='ocrx_word' id='word_1_40' title='bbox 2857 962 3122 1042; x_wconf 85' lang='lat' dir='ltr'>omnia</span> <span class='ocrx_word' id='word_1_41' title='bbox 3172 960 3342 1040; x_wconf 65' lang='lat' dir='ltr'>haec</span> 
     </span>
     <span class='ocr_line' id='line_1_7' title="bbox 1048 1070 3345 1180; baseline -0.003 -21"><span class='ocrx_word' id='word_1_42' title='bbox 1048 1082 1390 1159; x_wconf 86' lang='lat' dir='ltr'>animos:</span> <span class='ocrx_word' id='word_1_43' title='bbox 1457 1083 1535 1157; x_wconf 70' lang='grc' dir='ltr'>ὅ(</span> <span class='ocrx_word' id='word_1_44' title='bbox 1568 1077 1749 1157; x_wconf 86' lang='lat' dir='ltr'>licet</span> <span class='ocrx_word' id='word_1_45' title='bbox 1794 1074 1947 1180; x_wconf 83' lang='lat' dir='ltr'>ipsa</span> <span class='ocrx_word' id='word_1_46' title='bbox 1981 1077 2257 1157; x_wconf 84' lang='lat' dir='ltr'>vitium</span> <span class='ocrx_word' id='word_1_47' title='bbox 2301 1071 2391 1152; x_wconf 83' lang='lat' dir='ltr'>sit</span> <span class='ocrx_word' id='word_1_48' title='bbox 2443 1070 2768 1152; x_wconf 76' lang='lat' dir='ltr'>ambitio</span> <span class='ocrx_word' id='word_1_49' title='bbox 2805 1129 2828 1163; x_wconf 83' lang='lat'>,</span> <span class='ocrx_word' id='word_1_50' title='bbox 2891 1073 3345 1179; x_wconf 88' lang='lat' dir='ltr'>frequenter</span> 
     </span>
     <span class='ocr_line' id='line_1_8' title="bbox 1047 1181 3342 1271; baseline -0.003 -3"><span class='ocrx_word' id='word_1_51' title='bbox 1047 1212 1311 1271; x_wconf 89' lang='lat' dir='ltr'>tamen</span> <span class='ocrx_word' id='word_1_52' title='bbox 1351 1189 1566 1269; x_wconf 90' lang='lat' dir='ltr'>causa</span> <span class='ocrx_word' id='word_1_53' title='bbox 1614 1193 1996 1270; x_wconf 88' lang='lat' dir='ltr'>virtutum</span> <span class='ocrx_word' id='word_1_54' title='bbox 2031 1185 2159 1265; x_wconf 88' lang='lat' dir='ltr'>est.</span> <span class='ocrx_word' id='word_1_55' title='bbox 2257 1191 2445 1263; x_wconf 88' lang='lat' dir='ltr'>Non</span> <span class='ocrx_word' id='word_1_56' title='bbox 2488 1184 2844 1264; x_wconf 89' lang='lat' dir='ltr'>inutilem</span> <span class='ocrx_word' id='word_1_57' title='bbox 2891 1183 3044 1263; x_wconf 86' lang='lat' dir='ltr'>scio</span> <span class='ocrx_word' id='word_1_58' title='bbox 3091 1181 3342 1264; x_wconf 88' lang='lat' dir='ltr'>serva-</span> 
     </span>
     <span class='ocr_line' id='line_1_9' title="bbox 1050 1297 3346 1406; baseline -0.003 -24"><span class='ocrx_word' id='word_1_59' title='bbox 1050 1324 1221 1382; x_wconf 85' lang='lat' dir='ltr'>tum</span> <span class='ocrx_word' id='word_1_60' title='bbox 1268 1303 1411 1381; x_wconf 84' lang='lat' dir='ltr'>esse</span> <span class='ocrx_word' id='word_1_61' title='bbox 1459 1330 1501 1380; x_wconf 90' lang='lat' dir='ltr'>a</span> <span class='ocrx_word' id='word_1_62' title='bbox 1535 1297 2132 1406; x_wconf 71' lang='lat' dir='ltr'>praeceptoribus</span> <span class='ocrx_word' id='word_1_63' title='bbox 2175 1299 2369 1375; x_wconf 88' lang='lat' dir='ltr'>meis</span> <span class='ocrx_word' id='word_1_64' title='bbox 2415 1325 2723 1376; x_wconf 88' lang='lat' dir='ltr'>morem</span> <span class='ocrx_word' id='word_1_65' title='bbox 2749 1354 2769 1386; x_wconf 91' lang='lat'>,</span> <span class='ocrx_word' id='word_1_66' title='bbox 2807 1299 3151 1403; x_wconf 77' lang='lat' dir='ltr'>quicum</span> <span class='ocrx_word' id='word_1_67' title='bbox 3195 1322 3346 1401; x_wconf 73' lang='lat' dir='ltr'>pu·</span> 
     </span>
     <span class='ocr_line' id='line_1_10' title="bbox 1042 1405 3342 1497; baseline -0.003 -5"><span class='ocrx_word' id='word_1_68' title='bbox 1042 1440 1219 1494; x_wconf 85' lang='lat' dir='ltr'>eros</span> <span class='ocrx_word' id='word_1_69' title='bbox 1256 1418 1338 1492; x_wconf 89' lang='lat' dir='ltr'>in</span> <span class='ocrx_word' id='word_1_70' title='bbox 1386 1411 1639 1492; x_wconf 73' lang='lat' dir='ltr'>classes</span> <span class='ocrx_word' id='word_1_71' title='bbox 1684 1410 2260 1497; x_wconf 89' lang='lat' dir='ltr'>distribuerant,</span> <span class='ocrx_word' id='word_1_72' title='bbox 2305 1406 2669 1488; x_wconf 84' lang='lat' dir='ltr'>ordinem</span> <span class='ocrx_word' id='word_1_73' title='bbox 2720 1406 3026 1487; x_wconf 84' lang='lat' dir='ltr'>dicendi</span> <span class='ocrx_word' id='word_1_74' title='bbox 3074 1405 3342 1485; x_wconf 85' lang='lat' dir='ltr'>secun-</span> 
     </span>
     <span class='ocr_line' id='line_1_11' title="bbox 1041 1518 3350 1630; baseline -0.003 -27"><span class='ocrx_word' id='word_1_75' title='bbox 1041 1523 1238 1604; x_wconf 90' lang='lat' dir='ltr'>dum</span> <span class='ocrx_word' id='word_1_76' title='bbox 1273 1528 1473 1606; x_wconf 85' lang='lat' dir='ltr'>vires</span> <span class='ocrx_word' id='word_1_77' title='bbox 1505 1526 1793 1630; x_wconf 87' lang='lat' dir='ltr'>ingenii</span> <span class='ocrx_word' id='word_1_78' title='bbox 1830 1520 2113 1601; x_wconf 84' lang='lat' dir='ltr'>dabant</span> <span class='ocrx_word' id='word_1_79' title='bbox 2147 1553 2163 1598; x_wconf 77' lang='grc' dir='ltr'>ε</span> <span class='ocrx_word' id='word_1_80' title='bbox 2232 1526 2310 1599; x_wconf 89' lang='lat'>&amp;</span> <span class='ocrx_word' id='word_1_81' title='bbox 2348 1521 2451 1598; x_wconf 86' lang='lat' dir='ltr'>ita</span> <span class='ocrx_word' id='word_1_82' title='bbox 2492 1518 2878 1625; x_wconf 83' lang='lat' dir='ltr'>superiore</span> <span class='ocrx_word' id='word_1_83' title='bbox 2912 1518 3092 1599; x_wconf 92' lang='lat' dir='ltr'>loco</span> <span class='ocrx_word' id='word_1_84' title='bbox 3136 1518 3350 1625; x_wconf 74' lang='lat' dir='ltr'>quis-</span> 
     </span>
     <span class='ocr_line' id='line_1_12' title="bbox 1040 1624 3346 1743; baseline -0.003 -26"><span class='ocrx_word' id='word_1_85' title='bbox 1040 1624 1197 1743; x_wconf 63' lang='lat' dir='ltr'>que</span> <span class='ocrx_word' id='word_1_86' title='bbox 1261 1633 1737 1716; x_wconf 77' lang='lat' dir='ltr'>declamabat</span> <span class='ocrx_word' id='word_1_87' title='bbox 1761 1691 1784 1724; x_wconf 89' lang='lat'>,</span> <span class='ocrx_word' id='word_1_88' title='bbox 1850 1656 1934 1712; x_wconf 92' lang='lat' dir='ltr'>ut</span> <span class='ocrx_word' id='word_1_89' title='bbox 1998 1630 2428 1737; x_wconf 69' lang='lat' dir='ltr'>praecedere</span> <span class='ocrx_word' id='word_1_90' title='bbox 2486 1632 2840 1737; x_wconf 68' lang='lat' dir='ltr'>prochtu</span> <span class='ocrx_word' id='word_1_91' title='bbox 2907 1628 3346 1712; x_wconf 81' lang='lat' dir='ltr'>videbatur.</span> 
     </span>
     <span class='ocr_line' id='line_1_13' title="bbox 1037 1741 3345 1850; baseline -0.001 -24"><span class='ocrx_word' id='word_1_92' title='bbox 1037 1750 1297 1849; x_wconf 86' lang='lat' dir='ltr'>Hujus</span> <span class='ocrx_word' id='word_1_93' title='bbox 1333 1751 1446 1827; x_wconf 87' lang='lat' dir='ltr'>rei</span> <span class='ocrx_word' id='word_1_94' title='bbox 1485 1746 1762 1848; x_wconf 81' lang='lat' dir='ltr'>judicia</span> <span class='ocrx_word' id='word_1_95' title='bbox 1803 1743 2357 1850; x_wconf 71' lang='lat' dir='ltr'>praebebantur.</span> <span class='ocrx_word' id='word_1_96' title='bbox 2430 1772 2518 1821; x_wconf 87' lang='lat' dir='ltr'>ea</span> <span class='ocrx_word' id='word_1_97' title='bbox 2577 1744 2798 1825; x_wconf 87' lang='lat' dir='ltr'>nobis</span> <span class='ocrx_word' id='word_1_98' title='bbox 2849 1748 3115 1848; x_wconf 81' lang='lat' dir='ltr'>ingens</span> <span class='ocrx_word' id='word_1_99' title='bbox 3168 1741 3345 1848; x_wconf 86' lang='lat' dir='ltr'>pal-</span> 
     </span>
     <span class='ocr_line' id='line_1_14' title="bbox 1036 1853 3344 1961; baseline -0.001 -24"><span class='ocrx_word' id='word_1_100' title='bbox 1036 1886 1188 1940; x_wconf 82' lang='lat' dir='ltr'>mae</span> <span class='ocrx_word' id='word_1_101' title='bbox 1240 1861 1661 1938; x_wconf 79' lang='lat' dir='ltr'>contentio,</span> <span class='ocrx_word' id='word_1_102' title='bbox 1728 1854 2010 1935; x_wconf 87' lang='lat' dir='ltr'>ducere</span> <span class='ocrx_word' id='word_1_103' title='bbox 2048 1884 2238 1936; x_wconf 86' lang='lat' dir='ltr'>vero</span> <span class='ocrx_word' id='word_1_104' title='bbox 2282 1853 2587 1935; x_wconf 70' lang='lat' dir='ltr'>class&#39;em</span> <span class='ocrx_word' id='word_1_105' title='bbox 2612 1910 2636 1945; x_wconf 91' lang='lat'>,</span> <span class='ocrx_word' id='word_1_106' title='bbox 2680 1855 2937 1936; x_wconf 89' lang='lat' dir='ltr'>multo</span> <span class='ocrx_word' id='word_1_107' title='bbox 2974 1853 3344 1961; x_wconf 87' lang='lat' dir='ltr'>pulcher-</span> 
     </span>
     <span class='ocr_line' id='line_1_15' title="bbox 1033 1965 3348 2049; baseline -0.001 0"><span class='ocrx_word' id='word_1_108' title='bbox 1033 1974 1350 2049; x_wconf 77' lang='lat' dir='ltr'>timum.</span> <span class='ocrx_word' id='word_1_109' title='bbox 1448 1976 1615 2048; x_wconf 91' lang='lat' dir='ltr'>Nec</span> <span class='ocrx_word' id='word_1_110' title='bbox 1666 1967 1762 2048; x_wconf 88' lang='lat' dir='ltr'>de</span> <span class='ocrx_word' id='word_1_111' title='bbox 1819 1968 1969 2046; x_wconf 91' lang='lat' dir='ltr'>hoc</span> <span class='ocrx_word' id='word_1_112' title='bbox 2034 1966 2272 2047; x_wconf 88' lang='lat' dir='ltr'>semel</span> <span class='ocrx_word' id='word_1_113' title='bbox 2322 1965 2724 2046; x_wconf 87' lang='lat' dir='ltr'>decretum</span> <span class='ocrx_word' id='word_1_114' title='bbox 2761 1989 2922 2047; x_wconf 89' lang='lat' dir='ltr'>erat</span> <span class='ocrx_word' id='word_1_115' title='bbox 2966 1998 2983 2045; x_wconf 92' lang='lat'>:</span> <span class='ocrx_word' id='word_1_116' title='bbox 3052 1966 3348 2048; x_wconf 81' lang='lat' dir='ltr'>tricefi-</span> 
     </span>
     <span class='ocr_line' id='line_1_16' title="bbox 1032 2076 3348 2185; baseline 0 -26"><span class='ocrx_word' id='word_1_117' title='bbox 1032 2108 1211 2163; x_wconf 87' lang='lat' dir='ltr'>mus</span> <span class='ocrx_word' id='word_1_118' title='bbox 1267 2078 1428 2161; x_wconf 90' lang='lat' dir='ltr'>dies</span> <span class='ocrx_word' id='word_1_119' title='bbox 1467 2078 1835 2162; x_wconf 85' lang='lat' dir='ltr'>reddebat</span> <span class='ocrx_word' id='word_1_120' title='bbox 1894 2076 2106 2159; x_wconf 70' lang='lat' dir='ltr'>visto</span> <span class='ocrx_word' id='word_1_121' title='bbox 2155 2082 2594 2159; x_wconf 80' lang='lat' dir='ltr'>certaminis</span> <span class='ocrx_word' id='word_1_122' title='bbox 2647 2081 3123 2185; x_wconf 88' lang='lat' dir='ltr'>potestatem.</span> <span class='ocrx_word' id='word_1_123' title='bbox 3225 2083 3348 2160; x_wconf 89' lang='lat' dir='ltr'>Ita</span> 
     </span>
     <span class='ocr_line' id='line_1_17' title="bbox 1032 2188 3344 2299; baseline 0 -29"><span class='ocrx_word' id='word_1_124' title='bbox 1032 2221 1179 2272; x_wconf 90' lang='lat' dir='ltr'>nec</span> <span class='ocrx_word' id='word_1_125' title='bbox 1239 2191 1582 2299; x_wconf 88' lang='lat' dir='ltr'>superior</span> <span class='ocrx_word' id='word_1_126' title='bbox 1626 2188 1952 2272; x_wconf 80' lang='lat' dir='ltr'>successu</span> <span class='ocrx_word' id='word_1_127' title='bbox 1987 2219 2253 2271; x_wconf 87' lang='lat' dir='ltr'>curam</span> <span class='ocrx_word' id='word_1_128' title='bbox 2289 2193 2780 2277; x_wconf 77' lang='lat' dir='ltr'>remittebat,</span> <span class='ocrx_word' id='word_1_129' title='bbox 2825 2198 2901 2273; x_wconf 67' lang='grc' dir='ltr'>ὃ(</span> <span class='ocrx_word' id='word_1_130' title='bbox 2945 2189 3174 2270; x_wconf 88' lang='lat' dir='ltr'>dolor</span> <span class='ocrx_word' id='word_1_131' title='bbox 3221 2194 3344 2271; x_wconf 86' lang='lat' dir='ltr'>vi-</span> 
     </span>
     <span class='ocr_line' id='line_1_18' title="bbox 1032 2300 3342 2411; baseline 0 -29"><span class='ocrx_word' id='word_1_132' title='bbox 1032 2303 1248 2385; x_wconf 71' lang='lat' dir='ltr'>«stum</span> <span class='ocrx_word' id='word_1_133' title='bbox 1285 2302 1381 2384; x_wconf 91' lang='lat' dir='ltr'>ad</span> <span class='ocrx_word' id='word_1_134' title='bbox 1419 2302 1952 2411; x_wconf 85' lang='lat' dir='ltr'>repellendam</span> <span class='ocrx_word' id='word_1_135' title='bbox 1976 2304 2488 2407; x_wconf 85' lang='lat' dir='ltr'>ignominiam</span> <span class='ocrx_word' id='word_1_136' title='bbox 2528 2306 2978 2384; x_wconf 76' lang='lat' dir='ltr'>concitabat.</span> <span class='ocrx_word' id='word_1_137' title='bbox 3070 2300 3154 2381; x_wconf 85' lang='lat' dir='ltr'>ld</span> <span class='ocrx_word' id='word_1_138' title='bbox 3187 2330 3342 2383; x_wconf 86' lang='lat' dir='ltr'>no-</span> 
     </span>
     <span class='ocr_line' id='line_1_19' title="bbox 1025 2412 3341 2521; baseline 0.001 -27"><span class='ocrx_word' id='word_1_139' title='bbox 1025 2415 1144 2495; x_wconf 89' lang='lat' dir='ltr'>bis</span> <span class='ocrx_word' id='word_1_140' title='bbox 1191 2419 1524 2498; x_wconf 86' lang='lat' dir='ltr'>acriores</span> <span class='ocrx_word' id='word_1_141' title='bbox 1575 2413 1673 2495; x_wconf 90' lang='lat' dir='ltr'>ad</span> <span class='ocrx_word' id='word_1_142' title='bbox 1718 2412 1962 2496; x_wconf 88' lang='lat' dir='ltr'>studia</span> <span class='ocrx_word' id='word_1_143' title='bbox 2000 2412 2305 2494; x_wconf 88' lang='lat' dir='ltr'>dicendi</span> <span class='ocrx_word' id='word_1_144' title='bbox 2345 2415 2542 2495; x_wconf 87' lang='lat' dir='ltr'>faces</span> <span class='ocrx_word' id='word_1_145' title='bbox 2587 2414 3025 2504; x_wconf 75' lang='lat' dir='ltr'>subdidisse,</span> <span class='ocrx_word' id='word_1_146' title='bbox 3090 2440 3341 2521; x_wconf 81' lang='lat' dir='ltr'>quam</span> 
     </span>
     <span class='ocr_line' id='line_1_20' title="bbox 1026 2524 3342 2634; baseline 0.001 -28"><span class='ocrx_word' id='word_1_147' title='bbox 1026 2529 1661 2610; x_wconf 84' lang='lat' dir='ltr'>exhortationem</span> <span class='ocrx_word' id='word_1_148' title='bbox 1692 2526 2175 2616; x_wconf 81' lang='lat' dir='ltr'>docentium,</span> <span class='ocrx_word' id='word_1_149' title='bbox 2210 2525 2817 2634; x_wconf 79' lang='lat' dir='ltr'>paedagogomm</span> <span class='ocrx_word' id='word_1_150' title='bbox 2854 2524 3342 2622; x_wconf 66' lang='lat' dir='ltr'>custodiamz,</span> 
     </span>
     <span class='ocr_line' id='line_1_21' title="bbox 1025 2635 3466 2748; baseline 0 -28"><span class='ocrx_word' id='word_1_151' title='bbox 1025 2661 1213 2720; x_wconf 82' lang='lat' dir='ltr'>vota</span> <span class='ocrx_word' id='word_1_152' title='bbox 1265 2662 1719 2748; x_wconf 89' lang='lat' dir='ltr'>parentum,</span> <span class='ocrx_word' id='word_1_153' title='bbox 1763 2662 2142 2748; x_wconf 88' lang='lat' dir='ltr'>quantum</span> <span class='ocrx_word' id='word_1_154' title='bbox 2192 2642 2431 2719; x_wconf 87' lang='lat' dir='ltr'>animi</span> <span class='ocrx_word' id='word_1_155' title='bbox 2491 2645 2648 2720; x_wconf 91' lang='lat' dir='ltr'>mei</span> <span class='ocrx_word' id='word_1_156' title='bbox 2699 2641 3134 2742; x_wconf 69' lang='lat' dir='ltr'>conjestura</span> <span class='ocrx_word' id='word_1_157' title='bbox 3164 2640 3340 2720; x_wconf 82' lang='lat' dir='ltr'>col·</span> <span class='ocrx_word' id='word_1_158' title='bbox 3456 2635 3466 2648; x_wconf 57' lang='lat'>⁸</span> 
     </span>
     <span class='ocr_line' id='line_1_22' title="bbox 1023 2749 3341 2858; baseline 0.003 -30"><span class='ocrx_word' id='word_1_159' title='bbox 1023 2750 1270 2857; x_wconf 85' lang='lat' dir='ltr'>ligere</span> <span class='ocrx_word' id='word_1_160' title='bbox 1320 2751 1625 2858; x_wconf 70' lang='lat' dir='ltr'>possum</span> <span class='ocrx_word' id='word_1_161' title='bbox 1656 2807 1680 2842; x_wconf 90' lang='lat'>,</span> <span class='ocrx_word' id='word_1_162' title='bbox 1737 2749 2302 2832; x_wconf 89' lang='lat' dir='ltr'>contenderim.</span> <span class='ocrx_word' id='word_1_163' title='bbox 2391 2749 2540 2831; x_wconf 90' lang='lat' dir='ltr'>Sed</span> <span class='ocrx_word' id='word_1_164' title='bbox 2582 2751 2770 2833; x_wconf 85' lang='lat' dir='ltr'>ficut</span> <span class='ocrx_word' id='word_1_165' title='bbox 2815 2753 3200 2832; x_wconf 86' lang='lat' dir='ltr'>firmiores</span> <span class='ocrx_word' id='word_1_166' title='bbox 3247 2755 3341 2834; x_wconf 87' lang='lat' dir='ltr'>in.</span> 
     </span>
     <span class='ocr_line' id='line_1_23' title="bbox 1022 2862 3337 2971; baseline 0.002 -29"><span class='ocrx_word' id='word_1_167' title='bbox 1022 2862 1273 2945; x_wconf 85' lang='lat' dir='ltr'>literis</span> <span class='ocrx_word' id='word_1_168' title='bbox 1302 2863 1704 2970; x_wconf 58' lang='lat' dir='ltr'>‘profectus</span> <span class='ocrx_word' id='word_1_169' title='bbox 1751 2864 1887 2943; x_wconf 88' lang='lat' dir='ltr'>alit</span> <span class='ocrx_word' id='word_1_170' title='bbox 1933 2862 2374 2957; x_wconf 84' lang='lat' dir='ltr'>aemulatio;</span> <span class='ocrx_word' id='word_1_171' title='bbox 2439 2865 2545 2941; x_wconf 89' lang='lat' dir='ltr'>ita</span> <span class='ocrx_word' id='word_1_172' title='bbox 2597 2864 3174 2971; x_wconf 81' lang='lat' dir='ltr'>incipientibus,</span> <span class='ocrx_word' id='word_1_173' title='bbox 3214 2886 3337 2947; x_wconf 87' lang='lat' dir='ltr'>at-</span> 
     </span>
     <span class='ocr_line' id='line_1_24' title="bbox 1023 2972 3342 3085; baseline 0.001 -30"><span class='ocrx_word' id='word_1_174' title='bbox 1023 3001 1177 3082; x_wconf 91' lang='lat' dir='ltr'>que</span> <span class='ocrx_word' id='word_1_175' title='bbox 1226 2972 1476 3085; x_wconf 81' lang='lat' dir='ltr'>adhuc</span> <span class='ocrx_word' id='word_1_176' title='bbox 1522 2979 1843 3066; x_wconf 84' lang='lat' dir='ltr'>teneris,</span> <span class='ocrx_word' id='word_1_177' title='bbox 1887 2972 2593 3082; x_wconf 85' lang='lat' dir='ltr'>condiscipulorum</span> <span class='ocrx_word' id='word_1_178' title='bbox 2631 3004 2867 3085; x_wconf 87' lang='lat' dir='ltr'>quam</span> <span class='ocrx_word' id='word_1_179' title='bbox 2900 2997 3342 3083; x_wconf 82' lang='lat' dir='ltr'>praecepto-</span> 
     </span>
     <span class='ocr_line' id='line_1_25' title="bbox 1020 3086 3329 3195; baseline -0 -27"><span class='ocrx_word' id='word_1_180' title='bbox 1020 3089 1126 3168; x_wconf 78' lang='lat' dir='ltr'>ris</span> <span class='ocrx_word' id='word_1_181' title='bbox 1163 3086 1616 3188; x_wconf 89' lang='lat' dir='ltr'>jucundior,</span> <span class='ocrx_word' id='word_1_182' title='bbox 1672 3087 1825 3168; x_wconf 93' lang='lat' dir='ltr'>hoc</span> <span class='ocrx_word' id='word_1_183' title='bbox 1891 3087 2055 3193; x_wconf 89' lang='lat' dir='ltr'>ipso</span> <span class='ocrx_word' id='word_1_184' title='bbox 2106 3086 2322 3195; x_wconf 89' lang='lat' dir='ltr'>quod</span> <span class='ocrx_word' id='word_1_185' title='bbox 2386 3087 2687 3168; x_wconf 87' lang='lat' dir='ltr'>facilior</span> <span class='ocrx_word' id='word_1_186' title='bbox 2716 3147 2740 3181; x_wconf 92' lang='lat'>,</span> <span class='ocrx_word' id='word_1_187' title='bbox 2802 3093 3138 3171; x_wconf 89' lang='lat' dir='ltr'>imitatio</span> <span class='ocrx_word' id='word_1_188' title='bbox 3190 3089 3329 3168; x_wconf 87' lang='lat' dir='ltr'>est.</span> 
     </span>
     <span class='ocr_line' id='line_1_26' title="bbox 1020 3198 3334 3306; baseline 0 -26"><span class='ocrx_word' id='word_1_189' title='bbox 1020 3202 1178 3280; x_wconf 80' lang='lat' dir='ltr'>vix</span> <span class='ocrx_word' id='word_1_190' title='bbox 1211 3203 1426 3281; x_wconf 89' lang='lat' dir='ltr'>enim</span> <span class='ocrx_word' id='word_1_191' title='bbox 1462 3201 1534 3280; x_wconf 90' lang='lat' dir='ltr'>se</span> <span class='ocrx_word' id='word_1_192' title='bbox 1588 3202 1843 3305; x_wconf 88' lang='lat' dir='ltr'>prima</span> <span class='ocrx_word' id='word_1_193' title='bbox 1906 3199 2292 3281; x_wconf 88' lang='lat' dir='ltr'>elementa</span> <span class='ocrx_word' id='word_1_194' title='bbox 2340 3198 2438 3281; x_wconf 88' lang='lat' dir='ltr'>ad</span> <span class='ocrx_word' id='word_1_195' title='bbox 2487 3199 2703 3306; x_wconf 89' lang='lat' dir='ltr'>spem</span> <span class='ocrx_word' id='word_1_196' title='bbox 2764 3202 3042 3283; x_wconf 86' lang='lat' dir='ltr'>tollere</span> <span class='ocrx_word' id='word_1_197' title='bbox 3100 3200 3334 3282; x_wconf 86' lang='lat' dir='ltr'>effin-</span> 
     </span>
     <span class='ocr_line' id='line_1_27' title="bbox 1018 3310 3336 3420; baseline 0.003 -31"><span class='ocrx_word' id='word_1_198' title='bbox 1018 3310 1331 3416; x_wconf 82' lang='lat' dir='ltr'>gendae,</span> <span class='ocrx_word' id='word_1_199' title='bbox 1367 3339 1606 3420; x_wconf 90' lang='lat' dir='ltr'>quam</span> <span class='ocrx_word' id='word_1_200' title='bbox 1642 3312 2028 3392; x_wconf 87' lang='lat' dir='ltr'>summam</span> <span class='ocrx_word' id='word_1_201' title='bbox 2066 3334 2380 3419; x_wconf 88' lang='lat' dir='ltr'>putant,</span> <span class='ocrx_word' id='word_1_202' title='bbox 2413 3310 2876 3420; x_wconf 69' lang='lat' dir='ltr'>eloquentiae</span> <span class='ocrx_word' id='word_1_203' title='bbox 2912 3313 3336 3396; x_wconf 68' lang='lat' dir='ltr'>audebunta.</span> 
     </span>
     <span class='ocr_line' id='line_1_28' title="bbox 1017 3423 3332 3533; baseline 0.002 -34"><span class='ocrx_word' id='word_1_204' title='bbox 1017 3424 1381 3526; x_wconf 87' lang='lat' dir='ltr'>proxima</span> <span class='ocrx_word' id='word_1_205' title='bbox 1411 3423 1987 3529; x_wconf 60' lang='lat' dir='ltr'>amplectuntur</span> <span class='ocrx_word' id='word_1_206' title='bbox 2013 3429 2305 3530; x_wconf 86' lang='lat' dir='ltr'>magis:</span> <span class='ocrx_word' id='word_1_207' title='bbox 2374 3447 2463 3504; x_wconf 88' lang='lat' dir='ltr'>ut</span> <span class='ocrx_word' id='word_1_208' title='bbox 2501 3428 2697 3506; x_wconf 85' lang='lat' dir='ltr'>vites</span> <span class='ocrx_word' id='word_1_209' title='bbox 2745 3428 3140 3509; x_wconf 88' lang='lat' dir='ltr'>arboribus</span> <span class='ocrx_word' id='word_1_210' title='bbox 3190 3451 3332 3533; x_wconf 90' lang='lat' dir='ltr'>ap-</span> 
     </span>
     <span class='ocr_line' id='line_1_29' title="bbox 1015 3533 3340 3646; baseline 0.003 -35"><span class='ocrx_word' id='word_1_211' title='bbox 1015 3533 1342 3638; x_wconf 84' lang='lat' dir='ltr'>plicitae,</span> <span class='ocrx_word' id='word_1_212' title='bbox 1381 3537 1782 3615; x_wconf 86' lang='lat' dir='ltr'>inferiores</span> <span class='ocrx_word' id='word_1_213' title='bbox 1834 3537 2048 3642; x_wconf 86' lang='lat' dir='ltr'>prius</span> <span class='ocrx_word' id='word_1_214' title='bbox 2077 3534 2734 3646; x_wconf 59' lang='lat' dir='ltr'>apprehepdendo</span> <span class='ocrx_word' id='word_1_215' title='bbox 2778 3568 3036 3621; x_wconf 78' lang='lat' dir='ltr'>ramos</span> <span class='ocrx_word' id='word_1_216' title='bbox 3066 3544 3148 3619; x_wconf 90' lang='lat' dir='ltr'>in</span> <span class='ocrx_word' id='word_1_217' title='bbox 3201 3565 3340 3618; x_wconf 77' lang='lat' dir='ltr'>ca—</span> 
     </span>
     <span class='ocr_line' id='line_1_30' title="bbox 1015 3645 3336 3758; baseline 0.002 -30"><span class='ocrx_word' id='word_1_218' title='bbox 1015 3649 1327 3728; x_wconf 84' lang='lat' dir='ltr'>cumina</span> <span class='ocrx_word' id='word_1_219' title='bbox 1412 3645 1769 3730; x_wconf 79' lang='lat' dir='ltr'>evadunt.</span> <span class='ocrx_word' id='word_1_220' title='bbox 1864 3647 2102 3754; x_wconf 83' lang='lat' dir='ltr'>Qod</span> <span class='ocrx_word' id='word_1_221' title='bbox 2150 3645 2352 3729; x_wconf 88' lang='lat' dir='ltr'>adeo</span> <span class='ocrx_word' id='word_1_222' title='bbox 2393 3677 2672 3731; x_wconf 87' lang='lat' dir='ltr'>verum</span> <span class='ocrx_word' id='word_1_223' title='bbox 2733 3652 2850 3733; x_wconf 88' lang='lat' dir='ltr'>est</span> <span class='ocrx_word' id='word_1_224' title='bbox 2877 3710 2902 3745; x_wconf 91' lang='lat'>‚</span> <span class='ocrx_word' id='word_1_225' title='bbox 2965 3675 3053 3731; x_wconf 88' lang='lat' dir='ltr'>ut</span> <span class='ocrx_word' id='word_1_226' title='bbox 3093 3649 3336 3758; x_wconf 84' lang='lat' dir='ltr'>ipfius</span> 
     </span>
     <span class='ocr_line' id='line_1_31' title="bbox 1014 3757 3332 3872; baseline 0.002 -35"><span class='ocrx_word' id='word_1_227' title='bbox 1014 3761 1253 3838; x_wconf 87' lang='lat' dir='ltr'>etiam</span> <span class='ocrx_word' id='word_1_228' title='bbox 1298 3759 1678 3867; x_wconf 84' lang='lat' dir='ltr'>magistri,</span> <span class='ocrx_word' id='word_1_229' title='bbox 1740 3757 1801 3840; x_wconf 85' lang='lat' dir='ltr'>fi</span> <span class='ocrx_word' id='word_1_230' title='bbox 1868 3783 2132 3842; x_wconf 87' lang='lat' dir='ltr'>tamen</span> <span class='ocrx_word' id='word_1_231' title='bbox 2176 3761 2592 3843; x_wconf 84' lang='lat' dir='ltr'>ambitiofis</span> <span class='ocrx_word' id='word_1_232' title='bbox 2641 3762 2859 3844; x_wconf 85' lang='lat' dir='ltr'>utilia</span> <span class='ocrx_word' id='word_1_233' title='bbox 2903 3764 3265 3872; x_wconf 85' lang='lat' dir='ltr'>praeferet</span> <span class='ocrx_word' id='word_1_234' title='bbox 3297 3820 3332 3856; x_wconf 84' lang='lat'>,</span> 
     </span>
     <span class='ocr_line' id='line_1_32' title="bbox 1011 3869 3330 3984; baseline 0.001 -32"><span class='ocrx_word' id='word_1_235' title='bbox 1011 3869 1169 3952; x_wconf 79' lang='lat' dir='ltr'>hoc</span> <span class='ocrx_word' id='word_1_236' title='bbox 1222 3898 1420 3980; x_wconf 80' lang='lat' dir='ltr'>opus</span> <span class='ocrx_word' id='word_1_237' title='bbox 1474 3872 1568 3954; x_wconf 86' lang='lat' dir='ltr'>fit</span> <span class='ocrx_word' id='word_1_238' title='bbox 1590 3927 1620 3961; x_wconf 77' lang='lat'>,</span> <span class='ocrx_word' id='word_1_239' title='bbox 1701 3897 1888 3952; x_wconf 87' lang='lat' dir='ltr'>eum</span> <span class='ocrx_word' id='word_1_240' title='bbox 1951 3873 2202 3956; x_wconf 84' lang='lat' dir='ltr'>adhuc</span> <span class='ocrx_word' id='word_1_241' title='bbox 2261 3874 2480 3955; x_wconf 84' lang='lat' dir='ltr'>rudia</span> <span class='ocrx_word' id='word_1_242' title='bbox 2537 3877 2883 3958; x_wconf 70' lang='lat' dir='ltr'>uastabit</span> <span class='ocrx_word' id='word_1_243' title='bbox 2951 3877 3264 3984; x_wconf 83' lang='lat' dir='ltr'>ingenia</span> <span class='ocrx_word' id='word_1_244' title='bbox 3295 3933 3330 3967; x_wconf 84' lang='lat'>‚</span> 
     </span>
    </p>

    <p class='ocr_par' dir='ltr' id='par_1_3' title="bbox 986 3982 3332 4183">
     <span class='ocr_line' id='line_1_33' title="bbox 986 3982 3330 4096; baseline 0.006 -30"><span class='ocrx_word' id='word_1_245' title='bbox 986 4008 1184 4092; x_wconf 59' lang='lat' dir='ltr'>⁴uon</span> <span class='ocrx_word' id='word_1_246' title='bbox 1247 3982 1509 4090; x_wconf 80' lang='lat' dir='ltr'>statim</span> <span class='ocrx_word' id='word_1_247' title='bbox 1584 4005 1911 4096; x_wconf 72' lang='lat' dir='ltr'>onerare</span> <span class='ocrx_word' id='word_1_248' title='bbox 1985 3985 2534 4074; x_wconf 83' lang='lat' dir='ltr'>infirmitatem</span> <span class='ocrx_word' id='word_1_249' title='bbox 2607 3988 3068 4074; x_wconf 85' lang='lat' dir='ltr'>discentium</span> <span class='ocrx_word' id='word_1_250' title='bbox 3098 4046 3122 4079; x_wconf 63' lang='lat'><strong>³</strong></span> <span class='ocrx_word' id='word_1_251' title='bbox 3189 3985 3330 4068; x_wconf 71' lang='lat' dir='ltr'>sed</span> 
     </span>
     <span class='ocr_line' id='line_1_34' title="bbox 3031 4122 3332 4183; baseline -0.003 0"><span class='ocrx_word' id='word_1_252' title='bbox 3031 4169 3036 4172; x_wconf 28' lang='lat' dir='ltr'>v</span> <span class='ocrx_word' id='word_1_253' title='bbox 3120 4122 3332 4183; x_wconf 73' lang='lat' dir='ltr'>tem-</span> 
     </span>
    </p>
   </div>
  </div>
 </body>
</html>
