3557 5113
572 174 789 320 614
1195 168 1354 276 M.
1463 174 1831 278 FAnii
1946 157 3043 303 ch-rmms

565 495 754 584 cst,
792 495 878 573 11
931 505 1098 560 non
1149 473 1521 563 sufficiat,
1556 479 1689 558 au't
1718 474 2112 561 diversitas
2159 473 2563 583 repugnet
2614 483 2785 558 Nec
2844 478 2970 556 cui
3004 496 3263 557 tenue

935 592 1338 699 ingenium
1382 593 1577 674 erit,
1645 588 1800 670 sola
1840 590 2035 670 velit
2080 589 2306 670 fortia
2338 595 2415 670 &
2446 590 2828 695 abrupta.-
2875 592 3002 668 cui
3038 588 3266 669 forte

924 700 1323 812 quidem,
1366 701 1495 782 sed
1535 699 2073 787 indomitum,
2129 727 2396 781 amore
2441 700 2871 782 subtilitatis
2956 705 3039 782 δε
3088 704 3269 782 vim

933 814 1147 900 suam
1180 811 1495 922 perdat,
1511 818 1624 894 .&
1671 813 2137 919 elegantiam
2180 840 2418 921 quam
2461 816 2738 919 cupit,
2840 840 3008 892 non
3048 812 3263 892 asse—

933 948 1239 1036 quatur.
1413 924 1636 1004 Nihil
1673 925 1783 1003 est
1834 928 2049 1004 enit-n
2087 949 2248 1005 tam
2286 922 2714 1008 indecens,
2777 950 3021 1031 quam
3067 953 3265 1004 cum

929 1034 1216 1130 mollia
1252 1035 1683 1120 durescunt.
1800 1042 2061 1144 Atque
2115 1062 2268 1142 ego
2326 1036 2444 1115 illi
2500 1039 2960 1141 praeceptori
3010 1063 3265 1144 quem
3356 1121 3367 1132 ,

948 1147 1447 1232 instituebam⁴
1485 1154 1564 1228 in
1607 1147 1813 1227 libro
1849 1146 2206 1232 secundo,
2246 1147 2527 1233 tradidi
2589 1175 2751 1227 non
2790 1174 2880 1226 ea
2922 1147 3083 1226 sola
3118 1146 3265 1227 do-

947 1257 1189 1342 cenda
1222 1259 1369 1341 ess'e
1427 1315 1451 1352 ‚
1526 1258 1622 1340 ad
1664 1285 1834 1366 quae
1891 1283 2282 1367 quemque
2346 1257 2910 1363 discipulorum
2970 1283 3256 1340 natura

935 1373 1467 1479 ‚compositum
1521 1359 1842 1452 videret.
1937 1377 2144 1450 Nam
2185 1376 2248 1449 is
2288 1376 2364 1450 &
2406 1370 2764 1472 adjuvare
2806 1367 3050 1451 debet
3086 1393 3259 1497 quae

950 1487 1034 1565 in
1072 1511 1384 1594 quoque
1435 1510 1713 1564 eorum
1746 1485 2127 1565 invenerit
2165 1483 2448 1572 bona,
2499 1486 2578 1562 &
2635 1504 3023 1590 quantum
3087 1484 3260 1562 fieri

949 1598 1267 1704 potest,
1310 1594 1636 1697 adjicere
1675 1620 1846 1702 quae
1885 1591 2182 1679 desunt,
2219 1599 2300 1677 &
2341 1592 2757 1673 emendare
2785 1593 3149 1720 quaedam
3181 1599 3263 1675 &c

949 1731 1279 1789 mutare.
1384 1707 1677 1787 Restor
1717 1711 1930 1785 enim
1970 1704 2081 1785 est
2120 1705 2553 1785 alienorum
2606 1710 3099 1811 ingeniorum
3141 1728 3253 1784 at-

948 1845 1108 1926 que
1146 1821 1582 1900 formator.-
1625 1815 2020 1897 difficilius
2063 1816 2173 1897 est
2230 1839 2584 1896 naturam
2636 1817 2852 1897 suam
2930 1817 3235 1924 fingere.

939 1928 1103 2011 'Sed
1145 1958 1243 2010 ne
1275 1929 1408 2010 ille
1446 1926 1767 2037 quidem
1815 1927 2158 2019 dostor,
2248 1954 2691 2037 quanquam
2749 1933 3012 2010 omnia
3070 1950 3239 2035 quae

955 2043 1162 2122 tedia
1197 2041 1411 2132 sunt,
1454 2040 1640 2124 velit
1672 2038 1870 2140 effe
1853 2068 1937 2119 in
1977 2040 2119 2121 suis
2158 2040 2637 2121 auditoribus
2668 2067 2910 2148 quam
2975 2037 3245 2149 plenifi-

952 2150 1201 2239 firm,
1251 2156 1334 2233 in
1364 2180 1465 2233 eo
1496 2175 1757 2236 tamen
1816 2154 1939 2231 cui
1973 2174 2323 2233 naturam
2360 2151 2659 2232 obstare
2702 2150 3014 2239 viderit,
3051 2152 3259 2233 labo-

949 2265 1173 2350 rabit.
1285 2264 1372 2345 ld
1413 2291 1731 2373 quoque
1773 2265 2179 2345 vitandum
2219 2273 2248 2358 (
2284 2269 2364 2343 in
2404 2291 2572 2371 quo
2611 2289 2892 2370 magna
2925 2292 3107 2372 pars
3143 2291 3255 2344 er-

962 2388 1137 2472 rat)
1176 2404 1276 2458 ne
1315 2381 1399 2458 in
1429 2380 1785 2457 oratione
1814 2385 2093 2481 po'e'tas
2125 2375 2347 2455 nobis
2384 2381 2462 2458 &
2503 2375 2938 2467 historicos,
2973 2382 3059 2457 in
3096 2377 3266 2457 illo-

958 2514 1141 2569 rum
1218 2490 1578 2595 operibus
1637 2510 1986 2568 oratores
2051 2508 2181 2569 aut
2235 2485 2789 2569 declamatores
2848 2489 3278 2571 imitandos

936 2621 1335 2707 putemus.
1449 2609 1591 2682 Sua
1634 2603 1927 2708 cuique
1952 2599 2348 2726 proposita
2390 2601 2566 2692 lex,
2610 2599 2776 2681 suus
2808 2605 3105 2710 cuique
3142 2601 3269 2681 de-

953 2737 1099 2795 cor
1126 2710 1304 2793 est.
1349 2719 1519 2792 Nec
1553 2710 1992 2791 comoedia
1973 2740 2054 2791 in
2086 2713 2514 2793 cothurnos
2534 2712 2867 2820 assurgit,
2901 2740 3060 2796 nec
3083 2741 3268 2795 con-

951 2845 1086 2905 tra
1126 2822 1505 2931 tragoedia
1567 2821 1876 2903 soeculo
1914 2822 2368 2951 ingreditur.
2396 2826 2655 2917 Habet
2699 2848 2970 2906 tamen
3013 2832 3282 2908 omnis

961 2933 1411 3042 eloquentia
1432 2933 1724 3053 aliquid
1760 2963 2202 3017 commune.
2228 2935 2356 3016 ld
2336 2939 2767 3030 imitemur,
2788 2936 3012 3046 quod
3058 2967 3273 3021 com-

958 3072 1201 3131 mune
1282 3047 1412 3127 est.
1531 3046 1783 3127 Etiam
1819 3047 1973 3127 hoc
2016 3047 2213 3128 solet
2249 3047 2737 3131 incommodi
2774 3050 3142 3132 accidere
3196 3056 3287 3132 iis

957 3165 1101 3266 qui
1149 3159 1224 3239 st
1268 3164 1406 3240 uni
1442 3159 1669 3238 alicui
1708 3163 1978 3265 generi
2016 3158 2506 3247 dediderunt,
2533 3183 2620 3242 ut
2652 3160 2709 3242 fi
2746 3162 3130 3268 asperitas
3166 3165 3286 3245 his

969 3271 1259 3375 placuit
1300 3271 1665 3371 alicujus,
1705 3271 1906 3351 hane
1946 3276 2175 3351 etiam
2211 3276 2289 3350 in
2324 3271 2488 3352 leni
2528 3301 2617 3354 ae
2661 3273 2978 3355 remisso
3021 3276 3281 3357 eausa-

957 3408 1150 3463 1um
1192 3409 1478 3487 genere
1521 3410 1680 3461 non
1719 3406 2063 3464 exuant:
2098 3381 2153 3461 fi
2198 3391 2563 3475 tenuitas,
2617 3408 2749 3466 aut
2786 3387 3153 3479 nuditas3
3208 3393 3293 3469 in

958 3492 1246 3598 asperis
1281 3494 1790 3601 gravibusque
1855 3494 2087 3575 causis
2123 3495 2450 3602 ponderi
2512 3525 2779 3578 rerum
2826 3527 3118 3605 parum
3168 3529 3289 3581 re-

964 3603 1451 3710 spondeant:
1474 3633 1658 3687 cum
1689 3604 1782 3687 fit
1804 3605 2098 3688 diversa
2138 3635 2305 3688 non
2345 3610 2736 3690 causarum
2777 3609 3029 3692 modo
3077 3616 3296 3694 inter

969 3716 1174 3822 ipffis‘
1211 3718 1621 3809 conditio,
1667 3716 1856 3801 sed
1837 3745 1919 3798 m
1959 3717 2269 3826 fingulis
2316 3726 2555 3803 etiam
2592 3721 2828 3803 caufis
2868 3728 3285 3830 partium.-

963 3826 1271 3935 sintque
1294 3829 1437 3929 alia
1461 3775 1765 3921 leniter,
1809 3831 1955 3911 alia
1990 3832 2279 3938 aspere,
2317 3832 2466 3915 alia
2502 3837 2912 3920 concitate,
2972 3837 3128 3917 alia
3166 3864 3271 3916 re-

963 3939 1185 4033 misti:
1240 3996 1268 4039 ,
1326 3924 1472 4028 alia
1500 3940 1902 4042 docendi,
1960 3944 2109 4031 alia
2163 3944 2542 4132 movendi
2575 3949 2823 4060 gratia
2872 3944 3011 4035 die
3034 3947 3262 4032 enda.

1109 4156 1110 4159 ,
3053 4088 3251 4178 ,quot
