3557 5113
794 249 1006 393 1'7'6
1382 246 1533 354 Μ.
1636 248 2006 352 ΒΑΜ-ι
2165 248 3121 390 chrittam
3243 351 3251 368 ..

700 539 923 638 ΩΑΡ,
964 541 1093 623 Vl.
1119 531 1350 630 status
1390 530 1646 639 scripti
1695 537 1776 614 &
1832 530 2286 616 volunmtis,
2344 555 2444 610 an
2489 524 2860 614 ullomodo
2909 549 3126 636 capere
3150 520 3343 637 pofflti

1114 676 1214 731 an
1262 674 1352 726 ex
1401 649 1771 728 voluntate
1800 653 2035 756 patris
2057 701 2079 736 ‚
2111 674 2234 728 an
2286 641 2500 723 haeres
2534 641 2858 750 sc'riptus.
2945 636 3189 716 Notho
3238 631 3343 710 du·

1116 759 1303 867 plex
1357 756 1448 836 fit
1500 757 1816 866 quaestio
1836 812 1858 847 ,
1915 755 2130 864 quod
2191 754 2364 863 post
2418 753 2807 858 legitimos
2851 771 3058 830 natus
3114 744 3233 834 sit,
3287 746 3349 821 Sc

1122 868 1339 979 quod
1412 897 1576 949 non
1645 867 1732 947 s1t
1796 891 1973 948 ante
2039 870 2483 975 legitimum
2558 878 2798 951 natus.
2913 863 3113 942 Prior
3177 853 3350 960 syllo-

1124 981 1468 1089 gismum
1522 979 1750 1060 habet
1767 1034 1793 1070 ‚
1831 1008 1946 1076 ‚an
1961 1006 2100 1091 pro
2154 975 2294 1061 non
2336 983 2529 1059 natis·
2549 976 2705 1086 βω
2761 969 3059 1054 habendi
3095 1024 3117 1054 ‚
3170 974 3275 1078 qai
3314 989 3353 1041 a

968 1197 973 1202 h
1100 1097 1415 1203 firmiliae
1444 1092 1627 1198 fimt
1675 1096 2034 1172 alienati.-
2151 1092 2430 1172 Altera
2497 1088 2757 1194 scripti
2826 1091 2902 1166 &
2986 1077 3352 1165 voluntatis.

1128 1212 1318 1286 Non
1375 1202 1520 1286 effi:
1564 1205 1782 1283 enim
1832 1204 2041 1288 hunc
2094 1225 2364 1284 natum
2412 1221 2590 1281 ante
2643 1201 3075 1305 legitimum
3127 1214 3354 1272 convc-

1130 1320 1280 1396 nit:
1348 1313 1476 1395 sed
1503 1314 2137 1423 voluntatelegis
2176 1315 2247 1395 se
2299 1314 2641 1393 tuebitur
2670 1367 2692 1395 ‚
2772 1337 3005 1418 quam
3052 1305 3230 1386 dicet
3276 1320 3356 1378 ta-

1131 1428 1299 1508 lem
1347 1425 1559 1506 fuisse
1596 1483 1618 1519 ‚
1712 1448 1797 1506 ut
1867 1426 2260 1534 legitimus
2323 1423 2503 1503 esset
2577 1423 2861 1502 nothus
2925 1443 3091 1500 tum
3152 1433 3352 1493 natus·

1133 1567 1319 1619 cum
1358 1537 1556 1618 ,alius
1612 1539 2009 1643 legitimus
2083 1541 2165 1616 in
2225 1535 2473 1617 domo
2531 1563 2696 1614 non
2757 1532 2955 1614 esset.
3045 1529 3362 1630 Scriptum

1130 1676 1445 1758 quoque
1496 1649 1688 1755 legis
1745 1646 2106 1729 excludet
2143 1706 2164 1734 ‚
2231 1645 2493 1728 dicens
2519 1703 2542 1738 ,
2607 1677 2755 1726 non
2818 1652 3061 1753 utique
3091 1639 3161 1748 st
3190 1633 3363 1750 ptssed

1133 1766 1499 1871 legitimus
1559 1785 1771 1841 natus
1817 1791 1959 1846 aon
1979 1762 2086 1869 stt
2107 1815 2129 1850 ,
2195 1758 2412 1841 notho
2455 1789 2695 1839 nocere
2708 1793 2733 1836 .·
2832 1777 3213 1860 uteturque
3254 1745 3367 1823 hoc

1131 1893 1597 1977 argumento
1618 1926 1641 1964 ,
1670 1875 1876 1983 finge
1909 1875 2151 1981 filum
2192 1896 2451 1953 natum
2503 1869 2801 1954 nothum
2819 1927 2842 1962 ,
2911 1878 3093 1976 cujus
3135 1856 3367 1941 conditi·
3453 1879 3454 1896 ¹

1132 1990 1281 2064 onis·
1323 1991 1461 2064 erit
1477 1990 1517 2061 ἒ
1605 2007 1895 2064 tantum
1927 1990 2152 2066 cim?
2209 1992 2425 2093 atqui
2472 2013 2613 2064 non
2652 1991 2794 2063 erit
2840 1981 2990 2092 past
3037 1979 3369 2084 legitimum
3453 2061 3454 2064 ,

1135 2120 1369 2180 natus.
1401 2095 1664 2202 filius?
1728 2103 1939 2206 atqui
1987 2128 2129 2196 non
2165 2103 2305 2177 erit
2344 2118 2511 2176 ante
2558 2099 2919 2204 legitimos
2975 2113 3185 2171 natus.
3244 2105 3372 2195 qua·

1137 2238 1217 2287 re
1245 2208 1324 2316 fi
1367 2204 1596 2288 verbis
1653 2210 1821 2317 legis
1836 2210 2034 2313 stari
2071 2239 2212 2290 non
2246 2208 2471 2319 potest
2483 2263 2505 2297 ,
2567 2210 2941 2288 voluntate
2963 2199 3264 2310 standum
3295 2188 3369 2288 est·

1141 2324 1313 2399 Nec
1360 2346 1810 2426 quenquam
1853 2320 2112 2399 turbet
2145 2375 2167 2410 ,
2222 2317 2439 2426 quod
2495 2346 2595 2398 ex
2655 2346 2812 2398 una
2865 2318 3036 2422 lege
3083 2310 3232 2391 'duo
3279 2302 3378 2381 sta-

1142 2451 1265 2510 tus
1321 2430 1532 2511 fiant.
1628 2427 1918 2538 duplex
1968 2430 2119 2520 est,
2187 2433 2292 2510 ita
2345 2431 2511 2511 vim
2563 2428 2904 2510 duarum
2952 2424 3187 2506 habet.
3263 2420 3380 2494 Re-

1139 2538 1311 2623 dire
1353 2547 1437 2623 in
1481 2541 1864 2623 familiam
1906 2541 2202 2629 volenti
2255 2538 2544 2622 dicitur
2587 2541 2681 2621 ab
2718 2541 3016 2630 altero,
3077 2535 3383 2643 primum,

1141 2679 1230 2735 ut
1276 2653 1416 2734 tibi
1472 2657 1706 2735 redire
1756 2657 1972 2735 liceat
1985 2710 2012 2738 ,
2067 2652 2279 2734 hares
2312 2654 2505 2760 sitm.
2582 2651 2806 2734 idem
2856 2653 3083 2733 status
3096 2706 3118 2734 ‚
3173 2642 3287 2753 qui
3324 2639 3386 2714 in

1145 2768 1525 2873 petitione
1557 2762 1905 2846 abdicati.
1998 2769 2370 2873 quaeritur
2410 2760 2624 2845 enim
2648 2822 2670 2849 ‚
2690 2794 2794 2848 an
2834 2768 3034 2879 poffit
3070 2757 3180 2867 effi
3209 2754 3386 2835 bem·

1144 2876 1533 2979 Adjicitur
1571 2878 2099 2957 communiter
2156 2904 2199 2955 a
2244 2875 2587 2964 duobus,
2645 2879 2886 2958 redire
2925 2872 3067 2958 tibi
3108 2881 3186 2951 in
3210 2865 3392 2976 fmi-

1142 2989 1328 3068 liam
1393 3018 1532 3069 non
1606 2992 1770 3068 licet
1800 3042 1824 3079 ‚
1915 3017 2058 3068 non
2122 2993 2315 3067 enim
2360 3011 2579 3099 pater
2627 2990 2793 3097 stne
2871 2988 3108 3070 liberis
3170 2973 3389 3101 deceffit·

1132 3098 1304 3181 ‘Sed
1358 3101 1442 3181 in
1494 3100 1650 3180 hoc
1703 3101 2024 3207 propria
2080 3097 2399 3208 quisque
2459 3125 2740 3181 eorum
2786 3100 3200 3210 quaestione
3248 3106 3396 3169 mte-

1148 3231 1297 3291 tur.
1387 3209 1616 3293 Alter
1671 3213 1887 3290 enim
1941 3208 2145 3290 dicet
2166 3266 2191 3302 ‚
2255 3209 2666 3293 abdicatum
2722 3242 3003 3326 quoque
3051 3217 3232 3291 inter
3265 3193 3398 3280 libe-

1151 3353 1270 3403 ros
1308 3322 1465 3429 effi.-
1556 3329 1635 3403 &
1681 3344 2236 3427 argumentum
2290 3321 2521 3404 ducet
2569 3352 2670 3403 ex
2737 3327 2898 3433 ipsa
2955 3350 3102 3432 qua
3156 3307 3406 3421 repelli⁶

1154 3454 1284 3513 tur
1331 3434 1524 3539 lege.
1636 3438 2215 3539 Supervacuum
2262 3438 2482 3514 enim
2536 3433 2749 3514 fuisse
2787 3433 3188 3544 prohiberi
3218 3421 3409 3534 patris

1148 3543 1373 3625 bonis
1427 3543 1871 3623 abdicatum
1890 3599 1917 3636 ,
1976 3542 2035 3623 fi
2082 3543 2261 3624 esset
2310 3573 2645 3627 numero
2689 3548 3186 3630 alienorum:
3247 3554 3412 3616 nunc

1146 3657 1330 3762 quia
1388 3654 1531 3734 filii
1576 3658 1743 3756 jure
1820 3655 2121 3736 futurus
2179 3656 2414 3738 fuerit
2464 3657 2802 3741 intestati
2865 3663 3150 3741 haercs‚
3210 3671 3414 3756 OPP⁰⁴

1143 3763 1369 3845 sitam
1450 3766 1596 3845 ess'e
1665 3763 1925 3870 legem
1946 3822 1969 3850 ‚
2028 3794 2179 3874 qua
2238 3791 2501 3850 tamen
2560 3797 2726 3857 non
2781 3771 2869 3857 id
2926 3771 3298 3855 efficiatur
3343 3779 3416 3834 ne

1144 3876 1350 3957 filius
1388 3876 1516 3963 sit,
1569 3875 1698 3955 sed
1749 3904 1851 3957 ne
1894 3878 2137 3957 haeres
2189 3878 2301 3960 fit.
2418 3887 2666 3966 status
2714 3883 3111 3968 finitivus,
3171 3864 3420 3991 quidst‘

1116 3992 1352 4096 filma.
1494 3987 1784 4075 Rursus
1855 3990 2146 4097 nothus
2218 3989 2511 4100 eisdem
2585 3993 2892 4105 colligit
2954 4004 3423 4105 argumentis»

3314 4113 3423 4174 nm
