3557 5113
279 234 2379 450 Delnstit.Orat0ria,Lib.XII.
2566 125 2854 430 7631',

207 535 463 616 multis
485 543 726 632 annis,
748 557 984 649 quam
1004 546 1087 621 in
1107 545 1333 625 more
1353 539 1464 623 est
1492 542 2043 650 plurimorum,
2082 546 2210 642 (ut
2241 540 2341 623 de
2362 539 2481 626 his
2530 553 2713 649 (351²,
2745 559 2882 645 xl,

186 671 232 725 a
277 647 548 754 quibus
577 678 856 757 magna
897 655 979 734 in
1010 655 1161 734 hoc
1205 682 1380 762 pars
1399 657 1637 735 aetatis
1659 655 2106 740 absumitur,
2136 659 2471 754 taceam)

192 754 681 842 declamitare
716 765 793 841 in
837 763 1140 858 schola,
1187 773 1266 847 &
1299 787 1607 847 tantum
1635 766 1916 847 laboris
1957 770 2042 846 in
2081 761 2303 844 rebus
2333 766 2474 847 fal-

183 865 276 949 fis
320 870 812 969 consumere3
870 901 1050 957 curn
1091 877 1264 958 satis
1304 875 1393 957 fit
1426 876 1746 958 modico
1792 901 2150 983 tempore
2191 879 2466 982 imagi-

184 1005 370 1059 nem
422 986 588 1064 veri
629 983 1081 1067 discriminis
1124 1044 1149 1079 ,
1215 994 1297 1069 &
1351 986 1662 1067 dicendi
1712 988 1928 1095 leges
1966 987 2459 1092 comperisse?

183 1091 422 1195 Qod
451 1120 613 1175 non
657 1094 838 1176 dico
864 1151 886 1186 ‚
942 1102 1124 1206 quia
1165 1095 1257 1179 fit
1304 1125 1649 1207 unquam
1687 1097 2118 1179 omittenda
2152 1096 2461 1180 dicendi

180 1207 630 1286 exercitatio
658 1262 683 1297 ,
752 1206 883 1287 sed
922 1211 1101 1316 quia
1136 1237 1301 1290 non
1329 1209 1422 1290 sit
1471 1216 1551 1289 in
1587 1237 1740 1292 una
1776 1213 1940 1311 ejus
1981 1206 2227 1314 specie
2273 1237 2464 1290 con·-

179 1313 747 1398 senelcendum.
859 1321 1351 1426 Cognoscere
1399 1324 1611 1402 enim
1676 1378 1699 1406 ,
1780 1327 1858 1401 &
1922 1342 2297 1426 praecepta
2348 1332 2464 1403 v’t-

183 1425 419 1509 vendi
466 1428 899 1534 perdiscere
926 1487 953 1522 ,
1024 1438 1105 1513 &
1142 1438 1229 1515 in
1261 1432 1442 1512 foro
1471 1460 1613 1512 nos
1669 1433 2005 1538 experiri
2039 1434 2461 1536 potuimus·

186 1535 382 1617 dum
427 1539 796 1621 scolastici
869 1541 1151 1625 sumus.
1255 1543 1593 1624 Dicendi
1654 1545 1857 1623 ratio
1894 1542 2061 1658 tagis
2089 1597 2113 1632 ,
2170 1564 2256 1622 ut
2299 1569 2464 1626 non

175 1649 472 1730 multos
514 1678 754 1733 annos
791 1653 1075 1760 poscat.
1196 1655 1576 1755 Quaelibet
1622 1659 1838 1734 enim
1880 1681 1978 1733 ex
2033 1657 2124 1733 iis
2181 1655 2467 1756 artibus

169 1786 514 1868 quarum
572 1766 789 1870 prius
835 1765 1067 1847 habui
1111 1769 1596 1847 mentionem
1661 1822 1688 1859 ‚
1762 1769 1847 1845 in
1893 1790 2179 1872 paucos
2226 1765 2466 1869 libros

169 1873 529 1954 contrahi
575 1873 789 1957 solet.
877 1873 1078 1958 adeo
1109 1877 1418 1958 infinito
1469 1877 1712 1984 spatio
1775 1905 1865 1959 ac
1923 1873 2331 1957 traditione
2380 1902 2468 1970 o-

173 2010 326 2089 pus
374 2011 543 2064 non
573 1986 703 2064 est.
791 1987 1125 2095 Reliqua
1162 1989 1274 2068 est
1299 2044 1325 2075 ‚
1361 2015 1533 2096 quae
1572 1993 1775 2072 vires
1817 1989 1974 2067 cito
2014 1987 2240 2072 facit,
2279 2013 2470 2065 con,

165 2094 527 2176 suetudo.
639 2102 941 2178 Rerum
979 2102 1331 2205 cognitio
1351 2099 1697 2207 quotidie
1719 2098 1987 2178 crescit
2023 2154 2047 2184 ‚
2086 2102 2164 2179 δε
2202 2120 2467 2184 tamen

178 2232 429 2314 quam
473 2205 909 2289 multorum
948 2208 1046 2290 ad
1076 2237 1200 2290 eas
1232 2210 1614 2292 librorum
1647 2207 2051 2291 necessaria
2075 2210 2306 2290 lediio
2325 2208 2464 2301 est,

160 2319 452 2425 quibus
497 2339 629 2397 aut
667 2345 933 2401 rerum
973 2321 1334 2428 exempla
1374 2322 1469 2403 ab
1509 2313 1884 2404 historicis
1914 2376 1940 2405 ‚
1996 2341 2126 2401 aut
2159 2318 2471 2423 dicendi

164 2429 275 2508 «ab
312 2430 756 2511 oratoribus
778 2433 1202 2538 petuntur?
1274 2433 1929 2539 Philosophorum
1944 2458 2264 2540 quoque
2283 2457 2470 2511 con·

168 2540 723 2649 sultorurnque
760 2546 1172 2651 opiniones
1204 2599 1230 2635 ,
1283 2542 1499 2625 ficuti
1544 2543 1696 2625 alia
1730 2599 1753 2636 ‚
1808 2541 2140 2626 velimus
2181 2543 2468 2649 legere,

156 2654 388 2762 quod
428 2652 756 2762 quidem
797 2656 1049 2761 potest
1080 2712 1106 2741 ,
1172 2659 1441 2736 omnia
1483 2688 1504 2736 ε
1569 2655 1699 2736 std
1739 2657 1973 2763 breve
2009 2652 2234 2736 nobis
2269 2675 2469 2737 tem-

157 2791 301 2871 pus
363 2793 519 2847 nos
576 2764 913 2849 facimus.
1009 2767 1492 2869 Quantulum
1548 2770 1759 2849 enim
1808 2766 2072 2848 studiis
2113 2767 2469 2872 imperti-

157 2905 344 2958 mur
378 2878 405 2959 ?
474 2877 690 2958 Alias
730 2878 960 2961 horas
997 2907 1238 2960 vanus
1262 2878 1633 2975 Ialutandi
1655 2876 1920 2970 labor,
1986 2878 2166 2957 alias
2194 2875 2463 2957 datum

156 2989 441 3072 fabulis
531 2991 786 3097 otium
839 3045 865 3076 ,
945 2990 1125 3071 alias
1152 2988 1628 3097 spectacula,
1693 2990 1878 3068 alias
1923 2988 2280 3073 convivia
2314 3008 2465 3067 tra-

158 3100 363 3183 hunt
421 3134 447 3197 3
480 3096 763 3202 -adjice
798 3121 921 3181 tot
952 3127 1240 3207 genera
1280 3096 1645 3184 ludendi,
1711 3096 2162 3179 &insanam
2195 3124 2472 3204 corpo·

161 3215 270 3293 ris
309 3238 614 3295 curam.
703 3210 1214 3308 Trahatjnde
1252 3213 1772 3317 peregrinatio
1798 3264 1822 3299 ,
1884 3237 2098 3299 rura,
2133 3207 2471 3291 calculo·

164 3353 353 3405 rum
401 3328 656 3406 anxiae
686 3321 1210 3406 solicitudines
1249 3378 1275 3408 ,
1314 3322 1599 3413 multae
1645 3319 1882 3415 causae
1905 3319 2354 3419 libidinum,
2386 3326 2470 3415 ὃς

158 3439 440 3518 vinum
481 3489 510 3526 ,
567 3439 646 3515 ὅτ
666 3434 1099 3544 flagitiosus
1147 3436 1371 3529 omni
1403 3460 1710 3542 genere
1753 3432 2260 3540 -voluptatum
2304 3434 2466 3513 ani-

162 3574 349 3627 mus
412 3582 440 3639 ,-
535 3574 649 3627 ne·
690 3575 781 3629 ea
837 3544 1156 3656 quidem
1214 3565 1571 3653 tempora
1616 3543 1898 3626 idonea
1935 3599 1960 3636 ‚
2007 3570 2176 3652 quae
2209 3542 2468 3651 super-

163 3655 368 3737 sunt.
468 3662 661 3761 Qae
718 3656 775 3739 fi
814 3662 1083 3740 omnia
1122 3656 1382 3738 studiis
1434 3655 2093 3764 impenderentur,
2127 3657 2281 3755 jam
2318 3682 2458 3737 no-

166 3767 288 3847 bis
327 3767 569 3873 longa
622 3792 795 3852 aetas
823 3775 991 3858 1&
1033 3766 1529 3854 abunde-satis
1556 3766 1676 3855 -ad
1728 3764 2182 3859 diffitendum
2225 3765 2463 3873 spatia

157 3876 633 3965 viderentur
670 3915 696 3959 .-
748 3888 829 3965 &
858 3880 1125 3963 diurna
1166 3902 1467 3964 tanturn
1502 3880 2131 3989 computantibus
2155 3900 2463 3980 tempo,-

154 4019 249 4077 τε
292 4029 356 4075 .··
399 3993 487 4076 δι
514 3991 819 4082 nostes,
865 4018 1195 4108 quarum
1221 3994 1471 4085 'bona
1483 4018 1656 4101 pars
1705 3994 1928 4078 omni
1969 3991 2251 4109 somno
2287 3989 2464 4115 lon.-

908 4144 911 4145 ν
1428 4118 1435 4123 “
1746 4112 1761 4121 ’
2283 4120 2463 4213 gior
