3557 5113
255 150 993 362 Delnstit.
1023 146 2045 327 Oratoria,Lib.
2074 153 2421 312 XII.
2599 182 2835 310 725,
2883 299 2887 303 ,

207 450 428 558 septo
464 451 706 552 fori·
748 480 910 534 non
965 450 1190 558 ipsius
1250 479 1511 534 rerum
1555 476 1846 538 natura:
1898 455 2176 538 finibus
2226 461 2493 540 termi·
2564 446 2873 524 <BP-11*

205 565 458 646 nasset.
577 571 874 647 Verum
922 593 1021 646 ex
1060 566 1211 645 hoc
1269 563 1416 644 alia
1462 568 1660 646 mihi
1715 568 2038 677 quaestio
2102 575 2496 664 exoritur,
2837 555 2849 565 ⁵

207 670 381 785 qua:
423 678 617 758 festa
640 678 996 759 conferre
1021 677 1454 784 plurimum
1477 679 1941 788 eloquentiae
1957 680 2187 788 possit
2210 720 2234 763 .-
2269 710 2502 792 quan-

200 792 447 896 quam
483 815 571 869 ea
603 817 762 869 non
788 794 988 870 inter
1019 790 1311 870 multos
1351 792 1603 896 potest
1634 792 1778 873 ess'e
1802 799 2228 875 contentio.
2260 803 2502 890 *Nam

207 901 570 1007 inprimi&
610 929 754 981 nos
792 904 1162 1007 Epicurus
1207 929 1250 980 a
1291 901 1366 981 se
1416 904 1572 1009 ipse
1614 902 1949 986 dimittit
1986 962 2011 997 ,
2056 910 2186 1016 qui
2230 908 2501 1015 fugere

201 1039 532 1098 omnem
603 1013 1086 1119 disciplinam
1155 1018 1644 1119 navigatione
1730 1044 1969 1124 quam
2021 1017 2500 1103 velocissima
2536 1065 2539 1068 ¹

203 1129 440 1225 jubet.
530 1132 802 1234 Neque
837 1153 1029 1209 vero
1065 1125 1496 1232 Aristippus
1538 1127 1934 1208 summum
1974 1132 2059 1208 in
2092 1132 2495 1240 voluptate

200 1244 560 1345 corporis
584 1239 878 1317 bonum
900 1264 1196 1344 ponens
1223 1293 1244 1321 .
1312 1237 1409 1317 ad
1432 1238 1642 1319 hunc
1664 1239 2179 1322 nos-laborem
2204 1246 2495 1324 ‘adhor-

199 1371 423 1430 tetur.
537 1350 836 1456 Pyrrho
892 1348 1219 1458 quidem
1261 1405 1282 1432 ,
1346 1376 1534 1457 quas
1577 1353 1660 1430 in
1721 1352 1879 1433 hoc
1933 1379 2171 1460 opere
2236 1370 2495 1462 partes

201 1461 488 1543 habere
529 1461 781 1569 potest
818 1517 841 1552 ‚
899 1464 1026 1560 cui
1063 1460 1346 1563 judices
1399 1461 1546 1542 effe
1598 1461 1809 1569 apud
1865 1491 2062 1572 quos
2105 1468 2334 1547 verba
2384 1467 2492 1548 fa-

196 1581 354 1656 ciat
433 1630 455 1666 ‚
550 1579 631 1657 δε
685 1603 904 1655 reum
970 1599 1140 1690 pro⁸
1181 1600 1342 1683 quo
1383 1573 1752 1682 loquatur
1793 1630 1816 1666 ,
1894 1581 1971 1657 ὃ(
2012 1569 2360 1659 senatum
2408 1583 2493 1659 in

194 1714 361 1796 quo
393 1686 480 1767 sit
522 1685 846 1769 dicenda
882 1687 1296 1777 sententia,
1368 1714 1531 1766 non
1550 1686 1939 1794 liquebit.?
1984 1689 2493 1770 Academiam

196 1800 521 1908 quidam
561 1797 1039 1880 utilissimam
1076 1798 1446 1900 credunt,
1501 1798 1715 1906 quod
1751 1828 1921 1879 mos
1958 1804 2038 1879 in
2076 1824 2490 1909 utramque

196 1933 505 2018 partem
540 1910 1000 1995 differendi,
1059 1908 1154 1990 ad
1195 1915 1836 1991 exercitationem
1869 1912 2286 1993 forensium
2313 1942 2488 1994 cau-

176 2024 452 2105 larum·
504 2027 863 2130 proxime
907 2019 1241 2102 accedat.
1320 2019 1713 2123 Adjiciunt
1758 2024 1943 2104 loco
1988 2015 2487 2131 probationis,

185 2134 415 2245 quod
460 2163 547 2216 ea
585 2132 1235 2242 praestantiffimos
1272 2134 1358 2212 in
1401 2134 1846 2241 eloquentia
1875 2139 2084 2217 viros
2118 2136 2468 2218 ediderit.

189 2252 687 2356 Peripatetici
749 2246 1007 2327 studio
1062 2271 1385 2354 quoque
1432 2246 1508 2326 se
1560 2244 1903 2354 quodam
1954 2251 2302 2329 oratorio
2377 2253 2487 2350 ja·-

184 2362 422 2442 stant.
521 2366 731 2441 Nam
789 2357 1038 2440 theses
1074 2358 1334 2438 dicere
1388 2357 1961 2439 exercitationis
2019 2364 2265 2466 gratia
2318 2360 2482 2439 fere

186 2473 307 2555 est
349 2474 445 2558 ab
492 2474 608 2554 his
664 2472 1124 2553 institutum.
1231 2472 1471 2551 Stoici
1518 2469 1708 2550 ficut
1749 2474 2057 2576 copiam
2113 2474 2484 2553 nitorem-

183 2597 350 2697 que
388 2589 851 2696 eloquentiae
893 2585 1055 2665 fere
1102 2584 1705 2690 praeceptoribus
1752 2582 1901 2664 suis
1935 2581 2246 2664 defuisse
2289 2585 2478 2665 co'n-

190 2699 474 2785 cedant
508 2700 804 2781 necesse
844 2698 959 2779 est
985 2753 1008 2781 ,
1066 2700 1173 2775 ita
1210 2695 1458 2777 nullos
1499 2717 1629 2776 aut
1666 2696 1999 2805 probare
2036 2700 2318 2787 aerius,
2347 2716 2478 2787 aut

186 2811 661 2894 concludere
732 2809 1072 2891 subtilius
1120 2805 1625 2889 contendunt.
1743 2805 1892 2888 Sed
1935 2808 2098 2890 haec
2157 2811 2361 2889 inter
2415 2813 2478 2887 i-

181 2925 412 3034 psos,
477 2929 630 3033 qui·
665 2925 880 3004 velut
932 2921 1403 3001 sacramento
1449 2923 1693 3026 rogati
1718 2973 1741 3009 ,
1786 2919 1911 3001 vel
1947 2924 2183 3001 etiam
2217 2920 2478 3027 super-

163 3040 496 3121 stitione
533 3034 922 3119 constristi
948 3087 972 3125 ‚
1011 3029 1220 3113 nefas
1255 3030 1548 3112 ducunt
1584 3058 1628 3110 a
1665 3030 2003 3136 suscepta
2034 3030 2266 3111 semel
2301 3058 2480 3135 per-

178 3150 528 3233 suasione
563 3144 973 3230 discedere.
1090 3146 1407 3224 Oratori
1444 3170 1634 3224 vero
1676 3141 1870 3221 nihil
1902 3140 2012 3221 est
2064 3141 2357 3225 neceffe
2392 3146 2477 3223 in

184 3266 645 3373 cujusquam
714 3261 972 3363 jurare·
1019 3256 1247 3362 leges,
1360 3257 1608 3355 Majus
1666 3256 1881 3334 enim
1935 3253 2045 3334 est
2087 3253 2299 3361 opus
2362 3275 2477 3335 at-

177 3403 344 3486 que
406 3374 877 3484 praestantius
951 3367 1049 3449 ad
1098 3367 1316 3476 quod
1355 3366 1529 3474 ipse
1574 3364 1825 3447 tendit
1878 3419 1902 3456 ,
1966 3370 2047 3448 &
2088 3368 2301 3469 cujus
2361 3366 2474 3452 est

176 3489 403 3571 velut
443 3484 886 3569 candidatus
924 3540 945 3569 ‚
1011 3480 1067 3562 fi
1124 3478 1444 3589 quidem
1508 3479 1619 3560 est
1671 3478 1968 3559 futurus
2034 3506 2218 3559 cum
2272 3481 2473 3572 vitae,

181 3624 363 3682 tum
406 3604 639 3682 etiam
675 3596 1133 3705 eloquentiae
1167 3591 1392 3673 laude
1434 3591 1831 3700 perfectus.
1926 3595 2186 3696 Qare
2208 3594 2306 3671 ‘in
2340 3619 2473 3673 ex-

178 3714 540 3820 emplum
590 3712 787 3794 bene
823 3705 1171 3790 dicendi,
1215 3703 1841 3786 facundiffimum
1876 3729 2263 3814 quemque
2299 3731 2476 3810 pro-

171 3846 450 3935 ponet⁴
470 3823 601 3905 fibi
643 3822 740 3904 ad
793 3816 1256 3901 imitandum
1309 3855 1334 3899 .·
1389 3818 1740 3899 moribus
1796 3845 1987 3901 vero
2044 3815 2475 3900 formandis

166 3963 438 4048 quam⁴
460 3931 984 4034 honestissima
1023 3951 1406 4041 pta-cepta
1424 3982 1448 4020 ‚
1475 3927 2155 4041 rediiffimamque
2174 3925 2285 4008 ad
2316 3927 2467 4045 virg-

165 4072 184 4111 :.
1360 4044 1626 4148 Yyyy
2219 4041 2468 4120 tutem
