3557 5113
698 260 917 387 '1'22'
1124 236 1451 371 “M
1558 262 1927 371 FA1311
2081 261 3080 396 chritmm

620 558 1012 647 041».le
1042 577 1230 634 men
1266 549 1389 632 est·
1421 576 1732 661 aequum
1768 548 1872 633 id
1912 549 2176 633 haberi
2221 548 2521 631 malum
2564 604 2587 642 ,
2635 576 2798 659 quo
2852 549 3051 631 bene
3097 554 3209 631 uti
3245 548 3350 631 11...

1042 688 1188 759 cet.
1286 671 1589 748 Verum
1644 664 1805 745 haec
1849 663 2054 772 apud
2097 691 2232 745 eos
2288 661 2602 743 forsitan
2662 685 3161 788 quaerantur,
3216 661 3356 770 qui

1037 778 1432 859 summam
1472 778 1896 859 rhetorices
1962 775 2059 857 ad
2103 771 2605 883 persuadendi
2664 779 2831 858 vim
2893 776 3356 856 retulerunt.

1040 895 1120 974 Si
1167 918 1356 973 vero
1401 890 1510 969 est
1552 890 1746 969 bene
1796 887 2105 970 dicendi
2165 889 2530 979 scientia,
2588 914 2829 997 quem
2889 916 3032 969 nos
3107 886 3357 975 finem

1040 1002 1483 1110 sequimur,
1547 1023 1632 1082 ut
1676 1000 1767 1081 fit
1814 1024 2080 1081 orator
2125 1004 2477 1107 inprimis
2507 1006 2629 1083 vir
2688 1000 2994 1082 bonus:
3073 1001 3357 1080 utilem

1042 1137 1251 1195 certe
1295 1143 1469 1194 eam
1513 1114 1656 1193 esse
1707 1111 2246 1194 confitendum
2312 1112 2439 1192 est.
2552 1118 2644 1192 Et
2687 1113 2944 1193 hercle
2989 1112 3179 1193 deus
3226 1113 3360 1191 ille

1040 1230 1403 1334 prInceps
1445 1253 1719 1332 parens
1775 1253 2044 1307 rerum
2082 1280 2106 1315 ‚
2164 1225 2723 1333 fabricatorque
2785 1225 3110 1317 mundi,
3181 1225 3360 1305 nul-

1039 1336 1126 1418 lo
1166 1342 1411 1444 magis
1471 1338 1882 1418 hominem
1923 1338 2297 1444 separavit
2339 1366 2380 1417 a
2424 1339 2712 1417 caeteris
2736 1392 2762 1425 ,
2801 1364 2974 1445 quae
3016 1336 3348 1445 quidem

1041 1452 1406 1531 mortalia
1451 1450 1712 1540 essent,
1749 1449 2249 1541 animalibus,
2301 1474 2539 1557 quam
2600 1447 2907 1529 dicendi
2970 1448 3359 1529 facultate.

1041 1566 1256 1642 Nam
1297 1587 1628 1667 corpora
1670 1560 1990 1670 quidem
2027 1559 2554 1669 magnitudine
2581 1561 2954 1651 ²(viribus,
3024 1560 3364 1641 firmita-

1048 1696 1169 1764 te,
1233 1677 1647 1780 patientia,
1715 1673 2132 1754 velocitate
2199 1673 2723 1779 praestantiora
2787 1676 2868 1751 in
2924 1670 3072 1751 illis
3117 1674 3366 1754 mutis

1039 1780 1396 1866 videmus
1434 1816 1455 1878 ;
1522 1783 1799 1865 eadem
1840 1789 2093 1865 minus
2150 1811 2378 1890 egere
2434 1782 2814 1893 acquisitae
2888 1784 3364 1868 extrinsecus

1042 1899 1218 2002 opis
1288 1929 1307 1977 :
1389 1923 1575 1979 nam
1612 1902 1692 1979 ὅ(
1745 1894 2053 2003 ingredi
2111 1899 2337 1977 citius
2376 1953 2402 1988 ,
2453 1902 2535 1978 &
2593 1894 2860 2003 pasci,
2920 1904 3000 1981 &
3057 1920 3364 1978 tranare

1011 2006 1027 2023 “
1047 2033 1280 2115 aquas
1321 2010 1512 2088 citra
1570 2007 1990 2088 docentem
2055 2029 2327 2089 natura
2384 2009 2541 2114 ipsa
2594 2008 2857 2088 sciunt.
2970 2014 3064 2090 Et
3107 2010 3367 2115 plera-

1053 2146 1206 2227 que
1243 2143 1515 2200 contra
1566 2121 1804 2227 frigus
1858 2149 1956 2199 ex
2014 2119 2151 2199 sno
2193 2148 2524 2226 corpore
2584 2121 3056 2214 vestiuntur,
3110 2127 3194 2202 &
3246 2150 3364 2203 ar-

1052 2260 1187 2313 ma
1246 2233 1362 2311 his
1414 2235 1761 2357 ingenita
1827 2231 2245 2339 quaedam,
2301 2239 2382 2313 δι
2428 2262 2524 2312 ex
2581 2233 2819 2316 obvio
2855 2234 3019 2319 fere
3075 2235 3358 2316 victus:

1054 2349 1257 2424 circa
1306 2371 1475 2453 quae
1536 2346 1803 2424 omnia
1855 2343 2148 2427 multus
2193 2344 2641 2427 hominibus
2699 2346 2921 2426 labor
2959 2344 3090 2427 est.
3205 2351 3368 2427 Ra·

1050 2459 1351 2535 tionem
1398 2459 1637 2562 igitur
1700 2457 1921 2536 nobis
1979 2461 2446 2564 praecipuam
2509 2455 2790 2548 dedit,
2856 2457 3159 2568 ejusque
3221 2486 3364 2540 nos

1047 2566 1294 2651 socios
1343 2568 1489 2649 esse
1528 2597 1706 2650 cum
1764 2567 1881 2649 dis
1936 2570 2510 2652 immortalibus
2589 2570 2856 2654 voluit.
2990 2572 3140 2653 Sed
3201 2548 3366 2679 ipssi

1042 2683 1245 2760 ratio
1302 2707 1560 2788 neque
1633 2704 1797 2761 tam
1855 2707 1997 2762 nos
2053 2685 2353 2784 juvaret
2387 2738 2411 2775 ,
2497 2711 2750 2791 neque
2802 2706 2966 2765 tam
3036 2682 3225 2764 esset
3289 2688 3373 2764 in

1036 2791 1266 2872 nobis
1302 2791 1754 2883 manifesta,
1811 2792 1952 2871 nifi
1993 2821 2164 2902 quae
2197 2796 2797 2902 concepissemus
2843 2818 3145 2888 mente,
3170 2825 3362 2905 pro-

1037 2929 1256 2986 mere
1301 2906 1540 2985 etiam
1579 2902 1985 3011 loquendo
2037 2905 2482 3012 poss'emus:
2536 2908 2752 3016 quod
2797 2912 3046 3016 magis
3097 2903 3352 2990 deess'e

1042 3019 1333 3102 caeteris
1389 3016 1880 3097 animalibus
1905 3071 1929 3108 ,
1994 3045 2236 3127 quam
2285 3001 2768 3103 intellectum
2819 3027 2899 3103 &
2958 3025 3367 3128 cogitatio-

1043 3152 1233 3208 nem
1283 3128 1671 3238 quandam
1714 3127 2090 3216 videmus.
2209 3137 2419 3228 Nam
2468 3138 2548 3217 ὃ(
2607 3134 2874 3215 moliri
2931 3134 3242 3229 cubilia,
3286 3140 3367 3216 δε

1048 3238 1278 3322 nidos
1325 3263 1641 3333 texere,
1696 3246 1776 3325 &
1816 3241 2168 3334 educare
2185 3244 2422 3336 foetus
2442 3301 2465 3340 ‚
2518 3252 2600 3331 ὃ(
2647 3231 3100 3354 excludere,
3129 3251 3376 3354 quim=

1047 3356 1301 3432 etiam
1347 3381 1729 3458 reponere
1775 3358 1858 3433 in
1913 3354 2287 3462 hyemem
2324 3360 2764 3444 alimenta·
2746 3417 2768 3455 ‚
2853 3388 3087 3466 opera
3136 3385 3364 3467 quae-

1044 3457 1237 3544 dam
1292 3465 1516 3550 nobis
1560 3466 2093 3560 inimitabilia,
2137 3468 2389 3574 qualia
2443 3470 2616 3552 sunt
2668 3500 3020 3568 cerarum
3052 3477 3129 3553 &
3160 3468 3382 3553 mel-

1043 3571 1138 3656 lis
1174 3629 1197 3663 ,
1251 3575 1562 3655 efficere
1584 3629 1608 3667 ,
1641 3577 2088 3666 nonnullius
2111 3579 2416 3662 fortasse
2450 3587 2769 3665 rationis
2807 3584 2957 3664 est.
3024 3581 3153 3665 sed
3173 3590 3378 3712 quia

1045 3707 1312 3768 carent
1354 3685 1712 3780 sermone
1771 3713 1942 3797 quae
1989 3688 2077 3774 id
2120 3690 2457 3784 faciunt,
2502 3719 2722 3798 muta
2773 3719 2850 3776 at
2907 3724 3004 3778 ue
3047 3699 3378 3780 irratio-

1036 3795 1345 3882 mabilia
1370 3817 1789 3888 vocantur.
1902 3804 2263 3910 Denique
2323 3806 2683 3900 homines
2741 3723 3017 3917 quiffius
3081 3834 3380 3917 negata

1048 3925 1213 3994 'vox
1277 3910 1389 3996 est
1422 3965 1448 4004 ,
1516 3911 1983 4020 quantulum
2032 3913 2340 4041 adj-uvat
2413 3924 2716 4004 animus
2775 3919 2926 4002 ille
3008 3921 3380 4006 coelestis.

1051 4023 1315 4128 Qare
1362 4022 1423 4112 si
1458 4024 1657 4116 nihil
1697 4054 1742 4112 a
1777 4025 1924 4133 dijs
1964 4030 2319 4135 oratione
2360 4029 2638 4120 melius
2669 4036 3130 4170 accepimus,
3165 4035 3388 4146 quid

1038 4207 1047 4216 .
1140 4211 1147 4218 .
1180 4174 1214 4223 -1
1904 4221 1914 4232 ,
1979 4239 2002 4250 ,
2039 4187 2058 4226 ,2
3189 4168 3380 4240 tam
