3557 5113
237 295 479 457 De
517 289 958 499 Irfiit
975 293 1684 462 Oratoria,
1691 282 1988 442 Lib.
2047 279 2304 454 IX.
2510 306 2721 424 503

125 605 502 715 utriusque
531 610 644 687 rei
677 603 1129 689 differentia.
1166 606 1328 688 Est
1310 611 1542 717 igitur
1569 630 1882 716 tropus,
1902 607 2158 690 sermo
2180 638 2222 690 a
2261 636 2396 691 na·
2477 602 2665 685 ca»
2729 599 2788 679 1·

117 719 343 800 rurali
384 717 464 801 &
504 719 911 848 principali
950 717 1504 848 significatione
1546 721 1947 802 translatus
1992 720 2090 803 ad
2135 720 2396 813 aliam,

123 830 481 913 ornandae
498 835 872 912 o’rationis
901 835 1174 939 gratia.-
1195 831 1370 918 vel,
1376 841 1493 929 (ut
1508 832 1858 942 plerique
1881 837 2397 915 Grammatici

123 944 458 1042 finiunt)
502 942 742 1025 distin
774 944 871 1024 ab
906 971 1006 1025 eo
1042 943 1227 1024 loco
1254 947 1337 1023 in
1371 971 1532 1054 quo
1565 944 1674 1025 est
1711 948 2049 1053 propria,
2081 947 2398 1026 transla-

126 1079 195 1137 ta
229 1060 310 1137 in
353 1082 543 1136 eum
594 1058 676 1135 in
709 1081 874 1164 quo
905 1058 1220 1164 propria
1249 1083 1412 1136 non
1443 1055 1576 1136 est.
1614 1061 1879 1164 Figura
1901 1114 1922 1141 ‚
1963 1067 1990 1154 (
2026 1056 2214 1138 ficut
2248 1085 2395 1138 no-

127 1171 324 1249 mine
365 1166 536 1274 ipso
584 1189 795 1273 patet
856 1177 886 1264 )
933 1167 1045 1248 est
1073 1168 1601 1249 conformatio
1637 1167 1990 1276 quaedam
2026 1172 2398 1250 orationis

127 1302 422 1361 remota
450 1306 496 1358 a
541 1282 943 1358 communi
1011 1285 1093 1361 &
1143 1282 1493 1387 primum
1547 1277 1619 1358 se
1660 1282 2035 1359 offerente
2078 1284 2397 1361 ratione.

126 1397 377 1493 Qare
422 1396 506 1470 in
557 1393 799 1497 tropis
854 1412 1254 1496 ponuntur
1314 1392 1547 1473 verba
1590 1393 1735 1472 alia
1791 1421 1938 1498 pro
1976 1395 2162 1484 aliis,
2199 1413 2280 1472 ut
2319 1394 2403 1471 in

127 1507 518 1606 μεταφορσῖ,
546 1529 983 1608 fau-mmmm,
1007 1501 1493 1609 dmmpeoeclae,
1534 1498 1981 1605 μεταλήψει,
2027 1494 2412 1613 συνεκδοχξῐ,

128 1612 575 1726 καταχρήσει,
628 1611 972 1723 αὶληγοξῖ
923 1641 1023 1704 αι,
1059 1588 1518 1722 plerumque
1572 1615 1840 1717 ὑπερβο
1841 1618 1956 1756 λζ.
2042 1615 2416 1726 Αλληγοςία.

128 1754 464 1837 namque
503 1730 581 1806 ὅ(
624 1725 848 1805 rebus
889 1725 1006 1814 fit,
1048 1732 1127 1806 ὅ(
1164 1727 1450 1808 verbis.
1500 1732 1591 1802 ὀνο
1562 1723 1924 1825 ot‘pearom
1925 1759 1999 1806 aa
2044 1728 2261 1809 fissio
2300 1727 2413 1807 est

132 1843 487 1920 nominis.
544 1865 734 1944 ergo
775 1836 928 1917 hoc
969 1864 1282 1946 quoque
1319 1865 1466 1945 pro
1508 1839 1674 1920 aliis
1708 1845 2069 1947 ponitur,
2140 1840 2420 1949 quibus

134 1949 325 2032 ufim
342 1951 684 2035 fuimus,
703 1947 967 2029 fiillud
993 1949 1675 2076 nonfingerernus:
1697 1948 2128 2063 πεςίφραξις
2152 1956 2425 2033 etiam-

129 2059 186 2140 ss
224 2061 680 2177 frequenter
729 2066 808 2142 &
848 2060 927 2141 id
970 2065 1219 2168 ipsum
1265 2065 1346 2140 in
1384 2067 1595 2163 cujus
1637 2063 1904 2143 locum
1993 2062 2418 2154 assumitur,

124 2198 441 2256 nomen·
456 2173 882 2281 compleffi
924 2172 1115 2254 solet
1194 2226 1219 2265 ‚
1274 2177 1518 2252 utitur
1572 2197 1837 2254 tamen
1895 2176 2233 2282 pluribus
2278 2202 2426 2281 pro

124 2310 304 2366 uno.
367 2287 669 2368 'treveron
709 2290 1083 2392 quoniam
1143 2286 1607 2402 plerumque
1672 2287 1906 2365 habet
1974 2309 2432 2366 antonoma-

127 2393 242 2477 fiae
274 2395 611 2504 partem,
662 2400 1205 2498 conjunstione
1252 2398 1413 2497 ejus
1443 2390 1549 2476 fit
1570 2419 1862 2503 tropus.
1905 2398 2422 2507 Hyperbaton

127 2513 649 2593 commutatio
684 2509 795 2590 est
823 2508 1154 2603 ordinis;
1193 2507 1521 2618 indeque
1561 2507 1785 2590 multi
1833 2513 2077 2620 tropis
2108 2510 2259 2593 hoe
2284 2538 2418 2617 ge-

127 2647 261 2702 nus
300 2620 690 2704 eximunt.
828 2621 1228 2702 Transfert
1262 2641 1524 2702 tamen
1562 2623 1891 2704 verbum
1930 2641 2062 2705 aut
2111 2645 2414 2729 partem

128 2736 276 2833 ejus
309 2763 353 2815 a
384 2735 532 2816 suo
569 2733 802 2814 loco
783 2762 864 2814 ιιι
898 2732 1256 2814 alienum.
1417 2740 1729 2815 Horum
1772 2735 2030 2816 nihil
2012 2763 2090 2815 ιιι
2131 2734 2415 2842 figuras

132 2843 339 2926 eadit.
419 2855 642 2929 Nam
672 2852 757 2928 ·&
814 2849 1141 2951 propriis
1187 2844 1440 2928 verbis
1475 2904 1496 2931 ,
1569 2847 1953 2927 &ordine
2011 2847 2414 2927 collocatis

128 2956 360 3064 figura
389 2960 573 3040 fieri
611 2957 879 3065 potest.
948 2957 1373 3058 Qomodo
1398 2980 1655 3038 autem
1693 2961 1936 3039 ironia
1960 2959 2103 3037 alia
2127 2956 2216 3037 fit
2252 2975 2414 3037 tro*-

130 3076 243 3176 pi,
285 3070 429 3153 alia
464 3071 922 3158 schematis,
966 3068 1101 3150 suo
1132 3070 1316 3150 loco
1349 3067 1691 3149 reddam.
1841 3077 2161 3149 Nomen
2196 3074 2412 3151 enim

132 3182 371 3265 fateor
415 3183 577 3265 esse
602 3207 1054 3272 commune,
1074 3187 1154 3264 &
1189 3181 1347 3262 scio
1386 3208 1625 3289 quam
1650 3180 2162 3296 multiplicem
2187 3181 2418 3260 habe-

130 3303 714 3423 πῶν-(ματη
716 3322 814 3375 ue
850 3291 1372 3400 scrupulosam
1408 3292 2095 3399 disputationem.
2152 3290 2279 3373 sed
2329 3321 2420 3375 ea

123 3429 283 3487 non
310 3413 721 3516 pertment
774 3404 872 3487 ad
916 3405 1263 3511 praesens'
1288 3406 1555 3484 f‘neum
1605 3404 2112 3513 propositum.
2203 3404 2427 3485 Nihil

125 3519 628 3623 efflantis-t
640 3543 821 3646 quo
863 3516 1111 3598 modo
1154 3516 1583 3622 appelletur
1616 3517 2063 3599 utrumlibet
2114 3544 2422 3611 eorum,

514 3643 528 3655 '
597 3635 799 3712 tioni
830 3628 1114 3738 profit,
1183 3652 1517 3735 apparet.
1611 3636 1782 3710 Nec
1817 3652 2157 3722 mutatur
2194 3639 2425 3712 voea-

89 3760 100 3796 '·
188 3759 190 3763 ’
313 3731 478 3827 '¹⁴19'
537 3771 834 3823 rerum.
918 3742 1014 3821 Et
1063 3741 1249 3821 ficut
1279 3740 1639 3823 homines
1679 3740 1735 3821 fi
1776 3736 2025 3823 aliud
2036 3737 2424 3849 accipiunt

125 3855 346 3936 'uam
401 3854 643 3966 quod
676 3854 1099 3935 habuerant
1129 3880 1471 3943 nomen,
1510 3853 1753 3933 iidem
1792 3853 1958 3935 sunt
1978 3877 2280 3936 tamen:
2318 3859 2423 3935 ita

172 3996 280 4049 aec
327 3969 437 4050 de
470 3966 768 4077 quibus
801 3966 1251 4074 loquimur,
1308 3963 1462 4045 five
1502 3969 1750 4071 tropi,
1795 3965 1966 4051 five
1991 3967 2259 4074 figurae
2307 3967 2426 4045 di-

390 4136 422 4177 ,
477 4079 714 4164 idem
762 4078 1128 4162 efficient.
1258 4081 1447 4158 Non
1482 4080 1695 4160 enim
1739 4080 2198 4161 nominibus
2254 4078 2430 4267 prd-

2300 4201 2436 4268 unt
