3557 5113
693 228 929 384 756
1191 210 1845 331 MFinh
1941 168 3161 358 Qum-rtrum

634 524 831 611 Cn.
874 522 981 608 X.
1040 506 1309 618 figuris
1350 507 1499 587 erit
1531 500 1939 610 jucundior
1967 556 1990 591 ,
2035 489 2582 604 egressionibus
2629 514 2980 570 amoenus
3018 542 3045 579 ‚
3109 503 3340 567 coma‘

1050 619 1433 733 positione
1480 625 1698 724 aptus
1724 670 1745 705 ,
1798 612 2182 691 sententiis
2222 605 2465 687 dulcis
2501 660 2524 694 ‚
2564 602 2813 684 lenior
2849 625 3125 680 tamen
3167 654 3194 682 ,
3264 617 3340 677 ut

1051 734 1305 817 amnis
1340 727 1637 812 lucidus
1675 721 1996 833 quidam
2037 776 2060 814 ‚
2102 725 2180 802 ὅ(
2233 715 2652 799 virentibus
2709 716 3079 818 utrinque
3121 709 3344 817 sylvis

1054 843 1545 929 inumbratos.
1656 843 1766 916 At
1810 834 1944 915 ille
1987 835 2120 940 qui
2159 830 2331 910 laxa
2386 826 2750 908 devolvat
2789 879 2810 909 ‚
2857 829 2940 904 &
3007 845 3344 929 pontem

1050 953 1497 1059 indignetur
1533 1005 1557 1044 ,
1621 954 1702 1031 &
1754 950 1957 1052 ripas
2016 943 2154 1023 sibi
2208 941 2440 1021 faciat
2484 993 2507 1029 ‚
2584 936 2873 1016 multus
2910 940 2992 1016 δι
3033 957 3338 1014 terrem

1054 1065 1398 1174 judicem
1446 1062 1576 1145 vel
1611 1062 1995 1140 nitentem
2035 1066 2303 1135 contra
2336 1051 2533 1129 feret
2552 1102 2575 1139 ‚
2619 1069 3004 1154 cogetque
3049 1050 3169 1124 ire
3189 1071 3336 1152 qua

1048 1181 1302 1284 rapit..
1361 1178 1518 1257 Hic
1558 1191 1829 1252 orator
1861 1175 1941 1251 &
1981 1165 2380 1246 defunctos
2420 1159 2778 1240 excitabit
2802 1215 2822 1243 ,
2862 1180 2953 1237 ut
2984 1162 3332 1263 Appium

1050 1295 1363 1370 Caecum
1399 1317 1420 1367 τ
1474 1280 1679 1392 apud
1724 1284 1933 1362 hunc
1985 1284 2065 1359 &
2123 1277 2361 1383 patria
2402 1270 2559 1379 ipsa
2621 1269 3093 1352 exclamabit
3133 1324 3159 1359 ,
3208 1269 3334 1347 ali-

1042 1425 1448 1510 quemque
1509 1406 1647 1492 (ut
1686 1397 2152 1474 Ciceronem
2231 1390 2316 1465 in
2350 1386 2702 1464 oratione
2745 1403 3021 1461 contra
3071 1380 3334 1460 Catili-

1052 1538 1241 1593 nam
1276 1514 1360 1590 in
1393 1508 1710 1612 senatu)
1748 1504 2212 1611 alloquetur.
2293 1500 2445 1577 Hic
2485 1499 2565 1575 &
2609 1491 3332 1598 amplificationibus

1052 1621 1381 1704 extollet
1420 1621 1856 1699 orationem
1888 1669 1911 1704 ,
1961 1618 2041 1694 &
2077 1614 2158 1694 vi
2201 1604 2803 1714 superlationum
2841 1629 3182 1710 quoquo
3202 1606 3332 1682 eri-

1052 1756 1190 1842 get
1226 1762 1244 1811 ε
1324 1739 1504 1837 Qae
1545 1724 1916 1837 Charybdis
1970 1748 2125 1804 tam
2175 1719 2460 1800 vorax?
2518 1721 2596 1797 ὃ(
2626 1771 2650 1806 ,
2707 1735 3020 1796 oceanus
3071 1716 3334 1794 media

1025 1845 1264 1945 fidius
1293 1844 1450 1952 12⁰st-
1538 1845 1750 1919 Nota
1777 1836 1953 1916 sunt
1989 1836 2203 1914 enim
2253 1836 2422 1933 jam*
2456 1826 2800 1909 studiosis
2832 1828 2998 1908 haec
3013 1827 3320 1905 lumina.

1053 1957 1209 2034 Hie
1242 1951 1429 2032 deos
1457 1948 1657 2057 ipsos
1693 1942 2297 2053 m‘congreffum
2337 1967 2584 2049 prope
2616 1939 2841 2020 suum
2860 1937 3306 2019 sermonem-

1058 2090 1214 2173 que
1239 2060 1570 2143 deducet
1603 2117 1627 2146 ,
1685 2075 1814 2144 Vos
1849 2066 2044 2140 enim
2076 2052 2340 2135 Albani
2371 2055 2641 2135 tumuli
2681 2076 2900 2161 atque
2934 2054 3082 2132 laci
3113 2085 3138 2128 .·
3179 2078 3322 2136 vos.

1057 2182 1358 2285 inquam
1379 2230 1400 2260 ,
1439 2171 1937 2258 tAlbanorum
1969 2167 2220 2251 obruta
2264 2193 2397 2246 arae
2431 2219 2456 2255 ‚
2508 2164 2885 2270 sacrorum
2901 2167 3166 2276 populi
3206 2176 3326 2241 Ro-

1057 2295 1260 2369 mani
1324 2292 1473 2366 ociae
1509 2281 1602 2375 ἀ
1641 2283 1959 2394 aquales.
2072 2280 2226 2367 Hic
2258 2275 2455 2357 iram
2479 2330 2503 2366 ,
2549 2276 2676 2355 hic
2726 2273 3330 2364 misericordiam.

1057 2398 1498 2504 inspirabit:
1523 2401 1728 2477 Cum
1765 2391 1970 2473 dicet
1989 2444 2016 2483 ‚
2041 2401 2130 2474 Te
2157 2388 2395 2474 vidit,
2418 2385 2510 2480 ό*
2528 2391 2946 2500 appelavit,
2972 2385 3328 2495 &stain
3489 2481 3490 2497 Ν

1057 2513 1305 2616 δεξρει·
1332 2533 1607 2589 omnes
1639 2503 1951 2586 affeetus
1990 2500 2297 2584 auditor
2360 2499 2513 2581 huc
2564 2521 2800 2608 atque
2846 2501 3036 2581 illuc
3079 2499 3336 2610 seque-

1059 2642 1190 2701 tur
1228 2676 1253 2706 ,
1306 2647 1454 2700 nec
1501 2617 1772 2698 doceri
1811 2614 2287 2696 desiderabit.
2377 2617 2635 2705 Quare
2682 2611 2742 2692 fi
2779 2640 2880 2693 ex
2940 2613 3196 2695 tribus
3225 2614 3340 2695 his
3489 2664 3490 2671 κ

1053 2729 1462 2837 generibus
1498 2724 1912 2806 necessario
1945 2723 2037 2805 fit
2076 2721 2519 2831 eligendum
2553 2751 2802 2807 unum
2828 2781 2853 2809 .
2910 2727 3096 2833 quis
3119 2723 3342 2809 *dufl-

1060 2861 1174 2922 tet
1212 2838 1366 2918 hoc
1396 2837 1754 2946 praeferre
1782 2835 2146 2916 omnibus
2169 2891 2193 2927 ,
2226 2841 2309 2917 &
2340 2833 2889 2919 validiffimum
2911 2835 3336 2948 alioquff'&

1055 2953 1422 3034 maximis
1454 2946 1880 3059 quibusque
1907 2945 2142 3029 causls
2178 2945 3076 3029 accommodatissimum
3094 2950 3123 3029 Ξ
3144 2952 3353 3030 Nan

1053 3069 1141 3147 &
1172 3064 1567 3144 Homerus
1608 3060 1931 3145 brevem
1964 3056 2286 3167 quidem
2319 3085 2500 3139 cum
2536 3062 2776 3141 animi
2810 3059 3338 3161 jucunditate.

1053 3179 1139 3260 ὅ(
1171 3178 1574 3282 propriam
1621 3180 1654 3269 (
1683 3171 1766 3253 id
1808 3173 2022 3256 enim
2061 3170 2173 3251 est
2228 3195 2405 3259 non,
2435 3198 2691 3258 errare
2737 3172 3050 3269 verbis)
3108 3180 3196 3257 &
3229 3199 3346 3255 cn-

1050 3307 1364 3367 rentem
1395 3284 1875 3391 supervacuis
1913 3283 2446 3390 eloquentiam
2477 3282 2843 3381 Menelao
2875 3279 3105 3364 dedit
3127 3343 3154 3370 ,
3182 3313 3348 3395 qut
3489 3274 3490 3369 J

1054 3393 1233 3478 sunt
1268 3398 1591 3480 virtutes
1629 3399 1934 3504 generis
1970 3394 2171 3476 illius
2220 3396 2480 3501 primi.
2569 3399 2665 3475 Et
2690 3423 2789 3476 ex
2827 3422 2968 3476 ore
2989 3399 3346 3480 Nestoris

1053 3505 1252 3588 dixit
1266 3506 1707 3590 dulciorem
1740 3506 1974 3587 melle
1998 3504 2388 3614 profluere
2433 3505 2874 3587 sermonem
2908 3541 2936 3585 .-
3000 3532 3174 3614 qua
3193 3538 3350 3592 cer-

1051 3637 1132 3700 te
1166 3615 1669 3701 delectatione
1689 3619 1886 3699 nihil
1915 3618 2108 3727 fingi
2143 3620 2388 3718 majus
2408 3617 2681 3725 potest.
2760 3617 2910 3700 Sed
2948 3616 3346 3705 summam

1051 3729 1475 3837 aggreffus‚
1511 3751 1597 3815 ut
1636 3734 1719 3810 in
1752 3729 2005 3837 Ulysse
2061 3785 2086 3823 ,
2146 3728 2650 3823 facundiam,
2700 3734 3348 3838 magnitudinem

1053 3841 1172 3922 illi
1209 3844 1460 3945 junxit
1495 3866 1517 3917 ε
1567 3844 1696 3924 cui
1722 3845 2160 3923 orationem
2198 3842 2497 3927 nivibus
2549 3842 2922 3950 hybernis
2984 3897 3013 3935 ,
3082 3854 3168 3930 δι
3205 3875 3323 3930 co·

1040 3959 1179 4063 pia
1209 3951 1630 4043 verborum
1669 3968 1901 4065 atque
1935 3955 2239 4070 impetu
2275 3980 2548 4064 parem
2585 3955 2874 4045 tribuit.
2931 3961 3164 4069 ‘Cum
3181 3961 3332 4042 hoe2

1070 4116 1077 4119 -
1354 4122 1360 4137 ι
3101 4091 3311 4181 151tut
