3557 5113
681 230 895 344 61'2

1197 224 1810 340 Μ.ΡΑΒιι
1894 223 3104 384 “Qu1Nc-T11AANJ

600 556 793 636 c„
830 556 923 636 n,
1010 540 1212 617 Ειιιιι
1264 558 1461 618 vero
1494 560 1741 615 nemo
1787 530 2043 640 potest
2095 530 2462 639 aequare,
2521 528 2744 623 cuius
2785 528 3123 636 vestigiis
3176 526 3309 611 fibi

1009 643 1282 757 utique
1333 644 1834 749 insistendum
1890 664 2141 751 putat.
2260 639 2641 720 Necesse
2674 641 2793 720 est
2854 646 3074 723 enim
3128 641 3317 722 sem-

1010 789 1152 868 per
1204 760 1300 841 sit
1379 758 1849 865 posterior,
1912 757 2049 864 qui
2118 753 2477 860 sequitur.
2608 751 2845 833 Adde
2895 754 3117 863 quod
3156 754 3321 860 ple·

1008 898 1345 995 tumque
1397 871 1688 950 facibus
1721 870 1835 948 est
1894 867 2066 974 plus
2093 866 2424 954 facere,
2483 890 2723 971 quam
2761 864 3001 946 idem.
3111 871 3323 946 Tan-

1009 1007 1172 1065 tam
1209 1010 1422 1062 cmm
1472 981 2028 1062 difficultatem
2068 980 2303 1058 habet
2336 974 2847 1068 ίιιιιιιιιιιάο,
2888 1000 2979 1056 ιιι
3024 1006 3131 1058 ne
3168 978 3319 1086 ipsa

1007 1079 1335 1203 quidem
1394 1115 1673 1173 natura
1709 1091 1793 1172 in
1835 1093 1989 1171 hoe
2036 1095 2147 1170 ita
2207 1087 2665 1177 evaluerit,
2726 1110 2812 1166 ut
2847 1117 3014 1170 non
3066 1118 3195 1170 res
3236 1091 3323 1169 fl-

1012 1204 1439 1297 millimae‚
1482 1232 1814 1315 quaeque
1862 1230 2083 1310 pares
2125 1202 2469 1279 maxime
2529 1197 2993 1294 videantur,
3024 1202 3323 1282 discri-

1016 1321 1231 1399 mine
1292 1318 1565 1427 aliquo
1615 1316 2131 1398 diffocientur.
2246 1309 2479 1390 Adde
2522 1309 2742 1417 quod
2782 1313 3157 1440 quicquid
3227 1314 3321 1395 al-

1019 1433 1172 1512 teri
1200 1428 1451 1510 [imile
1484 1430 1644 1512 est,
1698 1427 1991 1509 necess'e
2041 1425 2152 1505 est
2188 1421 2334 1502 esse
2365 1425 2633 1505 minus
2669 1451 2768 1502 eo
2815 1426 3035 1533 quod
3072 1430 3327 1507 imita-

1021 1561 1218 1632 mr,
1275 1566 1366 1622 ut
1399 1543 1673 1621 umbra
1718 1565 2081 1648 corpore,
2124 1539 2386 1658 imago
2443 1533 2683 1625 facie,
2736 1539 2944 1619 aelus
3021 1539 3325 1620 histrio-

1032 1683 1230 1735 num
1291 1658 1490 1737 νει-ιε
1529 1645 2295 1773 affestibus.Q1od
2349 1647 2433 1724 in
2480 1648 2953 1730 orationibus
3003 1678 3323 1762 quoque

1017 1769 1305 1846 evenit.
1394 1772 1758 1870 Namque
1818 1764 1912 1841 iis
1962 1788 2134 1870 quae
2189 1762 2276 1838 in
2328 1759 2787 1864 exemplum
2839 1761 3323 1848 ass'umimur„

1015 1876 1261 1957 subest
1315 1898 1611 1955 naturae
1659 1901 1838 1956 vera
1895 1877 2073 1956 vis:
2130 1891 2406 1951 eontra
2442 1874 2701 1951 omnis
2738 1875 3066 1955 imitatio
3122 1874 3307 1954 ficia

1017 1989 1132 2068 est
1163 1995 1244 2069 &
1279 1985 1380 2066 ad
1414 1987 1760 2066 alienum
1813 1983 2305 2115 propositum
2362 1984 3020 2067 accommodatur.
3127 1991 3318 2089 Quo

995 2100 1110 2183 ,fit
1146 2122 1234 2181 ut
1274 2103 1534 2179 minus
1573 2099 1961 2225 sanguinis
2017 2126 2107 2180 ac
2163 2099 2451 2178 virium
2489 2092 3101 2182 declamationes
3190 2099 3327 2179 ha-

1018 2214 1292 2298 beant,
1327 2207 1568 2322 quam
1606 2215 2053 2292 orationes:
2097 2204 2365 2316 quod
2348 2235 2429 2286 ιιι
2481 2206 2633 2287 illis
2661 2236 2895 2303 vera,
2954 2215 3042 2291 in
3076 2210 3325 2292 hisas-

1025 2324 1378 2406 fimulata
1408 2326 1736 2403 materia
1776 2324 1904 2403 est.
2023 2320 2257 2402 Adde
2294 2318 2513 2426 quod
2554 2346 2651 2398 ea
2682 2347 2862 2428 qua:
2901 2325 2987 2403 in
3018 2347 3328 2404 oratore

1030 2440 1379 2516 maxima
1413 2435 1616 2526 sunt,
1664 2434 2073 2514 imitabilia
2117 2459 2281 2512 non
2316 2432 2513 2522 lunt,
2557 2433 3009 2539 ingenium,
3060 2439 3333 2517 inven-

1033 2551 1176 2633 tio,
1214 2551 1356 2633 vis,
1395 2547 1741 2645 facilitas,
1778 2554 1858 2629 ὅ(
1901 2545 2279 2656 quicquid
2309 2568 2479 2625 arte
2494 2571 2663 2624 non
2699 2545 3050 2629 traditur.
3119 2549 3337 2631 ldeo-

1032 2687 1188 2769 que
1227 2659 1582 2768 plerique
1620 2688 1837 2739 cum·
1825 2661 2080 2741 ·verba
2117 2656 2474 2767 quaedam
2511 2684 2613 2736 ex
2660 2662 3151 2742 orationibus
3211 2690 3339 2742 ex

1033 2770 1479 2877 cei-pserunt
1544 2825 1574 2862 ,
1636 2778 1769 2851 aut
1801 2771 2105 2879 aliquos
2150 2767 2737 2875 compositionis
2768 2793 3029 2855 certos
3069 2773 3331 2882 pedes,

1042 2889 1241 2965 mire
1282 2913 1327 2963 a
1368 2883 1442 2963 se
1484 2909 1661 2990 quae
1689 2884 2102 2990 legerunt,
2157 2882 2428 2989 effingi
2465 2881 2989 2966 arbitrantur:
3037 2914 3223 2967 cum
3260 2892 3341 2967 ὃ(

1040 2998 1280 3080 verba
1320 2995 1788 3076 intercidant
1813 2996 2427 3103 invalescantque
2472 2996 2982 3100 temporibus»,
3026 3021 3115 3079 ut
3149 3025 3345 3106 quo·

1044 3137 1229 3190 rum
1299 3106 1714 3188 certissima
1759 3107 1854 3187 fit
1908 3108 2177 3215 regula
2231 3112 2315 3187 in
2377 3106 3009 3195 consuetudine,
3101 3137 3341 3220 eaque

1059 3248 1227 3300 non
1281 3221 1407 3300 sua
1469 3242 1735 3301 natura
1777 3218 1929 3299 sint
1990 3223 2195 3301 bona
2233 3243 2368 3301 aut
2415 3216 2686 3311 mala,
2745 3231 2783 3317 (
2838 3248 3024 3301 nam
3079 3251 3225 3330 per
3264 3223 3337 3302 se

1043 3332 1209 3412 lbni
1243 3353 1545 3411 tantum
1587 3330 1758 3412 sunt
1800 3344 1835 3430 )
1888 3331 2017 3413 sed
2058 3356 2297 3439 prout
2357 3355 2799 3438 opportune
2864 3340 3341 3445 proprieque

1047 3465 1182 3523 aut
1234 3442 1446 3524 secus
1498 3444 1877 3525 collocata
1918 3445 2177 3525 sunt·
2160 3452 2309 3527 ·&
2365 3444 2830 3552 compositio
2872 3474 3063 3539 cnm
3119 3451 3341 3529 rebus

1046 3554 1636 3637 accommodata
1655 3555 1793 3648 fit,
1836 3580 2001 3637 tum
2038 3556 2197 3663 ipsa
2228 3561 2597 3640 varietate
2634 3556 3085 3663 gratillima
3132 3567 3339 3666 Qua·

1047 3690 1377 3774 propter
1414 3667 1892 3749 exastifsmio
1939 3670 2223 3766 judicio
2279 3673 2482 3750 circa
2522 3669 2725 3750 hanc
2761 3695 3074 3776 partem
3109 3674 3339 3755 studi·

997 3800 1004 3807 ·
1049 3805 1284 3859 orum
1324 3779 1456 3859 illa
1504 3781 2014 3864 examinanda
2070 3783 2244 3862 sunt
2290 3785 2578 3862 omnia.
2692 3786 3097 3879 Primum,
3148 3812 3346 3896 quos

1049 3892 1472 3972 imitemur.
1548 3898 1756 3972 Nam
1813 3892 1986 3977 sunt
2020 3895 2331 4002 plurimi
2377 3898 2599 4004 quii
2547 3892 3135 3981 similitudinem
3175 3898 3349 4004 pes

1057 4001 1235 4087 fimi
1302 4003 1663 4115 cujusque
1719 4011 1803 4091 δι
1870 4004 2425 4115 corruptiffimi
2515 4014 3083 4118 concupierint.
3150 4015 3350 4205 ΒΞ

3146 4150 3241 4205 ιιι
