3557 5113
764 240 969 384 5'4
1354 242 1504 350 M.
1602 248 1998 401 ΡᾼΒιι
2093 242 3128 401 Quincrimam

675 538 861 612 Cn·
907 534 1067 617 vn·
1091 501 1261 583 mus
1284 557 1307 592 ,
1374 500 1728 582 efficitur.
1841 507 2025 603 Nec,
2048 497 2426 582 inutiliter
2480 494 2850 581 Claudius
2897 498 3282 580 AEolicam
3311 492 3412 577 il-

674 626 688 663 ‘·
736 630 742 636 ’
1090 616 1253 695 lam
1307 612 1405 696 ad
1460 613 1603 693 hos
1669 608 1842 696 usus
1907 625 1966 696 F
2021 614 2328 695 literam
2357 632 2362 641 ’
2394 610 2788 716 adjecerat.
2938 608 3136 693 [llud
3186 634 3408 689 nunc

1089 726 1367 807 melius
1391 782 1414 817 ,
1490 724 1708 835 quod
1763 735 1920 815 cui,
1982 728 2220 807 tribus
2274 751 2460 834 quas
2511 723 2879 830 proposui
2933 723 3174 804 literis
3217 749 3408 802 eno·

1093 861 1387 921 tamus:
1453 841 1534 917 in
1591 865 1749 946 quo
1805 844 2061 948 pueris
2119 838 2339 919 nobis
2376 893 2398 928 ‚
2452 835 2549 915 ad
2618 840 2994 944 pinguem
3041 835 3216 914 sane
3281 835 3406 914 so·

1089 980 1333 1043 num,
1396 979 1503 1061 qu,
1551 953 1629 1032 &
1678 960 1753 1032 oi
1800 954 2257 1042 utebantur,
2331 956 2634 1030 tantum
2688 973 2778 1029 ut
2836 950 2930 1028 ab
2993 948 3136 1028 illo
3203 962 3348 1058 qm⁴²
3377 1005 3403 1038 ‚

1085 1063 1701 1170 distingueretur.
1842 1064 2097 1169 Qid,
2168 1089 2342 1172 quae
2391 1061 2821 1140 scribuntur
2880 1062 3102 1140 aliter
3152 1084 3404 1167 quam

1084 1178 1634 1257 enunciantur?
1673 1182 1884 1257 Nam
1922 1185 2001 1258 &
2036 1180 2268 1279 Gajus
2301 1181 2388 1255 C.
2429 1173 2651 1252 litera
2684 1171 3176 1280 significatur,
3219 1199 3406 1281 quae

1084 1285 1380 1370 inverla
1434 1288 1850 1368 mulierem
1895 1287 2265 1370 declarat:
2332 1287 2512 1395 quia
2578 1305 2740 1393 tam
2793 1297 3001 1395 Gajas
3053 1283 3193 1363 effe
3251 1311 3407 1365 vo-

1085 1403 1351 1480 citatas
1374 1454 1396 1489 ‚
1447 1425 1683 1507 quam
1718 1413 1965 1510 Casas,
1988 1402 2223 1481 etiam
2245 1425 2362 1497 ‘ex
2399 1396 2865 1503 nuptialibus
2905 1397 3122 1479 {acris
3159 1422 3405 1502 appa-

1084 1535 1230 1592 ret.
1323 1518 1491 1591 Nec
1549 1530 1767 1594 Gneus
1809 1543 1981 1594 eam
2045 1514 2353 1592 literam
2394 1513 2472 1589 in
2510 1513 3009 1618 praenominis
3046 1530 3233 1589 nota
3272 1535 3406 1590 ac-

1085 1627 1318 1731 cipit,
1391 1650 1563 1731 quae
1623 1624 1875 1705 sonat:
1971 1630 2050 1707 &
2105 1628 2415 1711 calama,
2472 1644 2780 1702 exemta
2838 1654 2894 1701 n
2947 1620 3167 1700 litera
3203 1677 3224 1712 ,
3312 1628 3406 1704 δε

1084 1737 1411 1843 consides
1447 1790 1470 1826 ‚
1532 1740 1923 1841 geminata
1974 1736 2247 1817 eadem
2293 1736 2514 1814 litera
2558 1766 2634 1823 s,
2702 1735 3063 1841 legimus:
3155 1740 3235 1816 ὃ(
3267 1747 3402 1816 Su.

1079 1844 1307 1928 burra
1354 1873 1602 1954 quum
1656 1850 1896 1929 tribus
1947 1850 2186 1929 literis
2239 1868 2598 1937 notatur,
2664 1877 2703 1926 c
2758 1852 3068 1947 tertiam
3130 1847 3401 1929 osten-

1080 1957 1222 2038 dit.
1339 1958 1588 2039 Multa
1636 1959 1807 2040 sunt
1867 1966 2166 2068 generis
2206 1961 2498 2052 hujum-
2535 1955 2662 2038 sed
2707 1960 2866 2039 hoec
2901 1974 3218 2067 quoque
3263 1990 3399 2044 ve-

1078 2096 1266 2151 reor
1324 2097 1422 2148 ne
1488 2070 1820 2152 modum
1879 2097 2040 2152 tam
2107 2101 2363 2181 parvae
2417 2069 2854 2178 quaestionis
2912 2071 3398 2155 exccss'erint.

1038 2180 1476 2293 'Judicium
1523 2205 1782 2264 autem
1837 2184 2057 2265 suum
2127 2188 2698 2265 Grammaticus
2760 2187 3210 2288 interponat
3275 2188 3402 2267 his

1073 2295 1462 2375 omnibus,
1556 2302 1765 2375 Nam
1807 2298 1983 2377 hoc
2049 2297 2309 2395 valere*
2363 2294 2793 2400 plurimum
2869 2293 3119 2379 debet.
3215 2303 3401 2408 Ego

1080 2406 1282 2502 (nifi
1343 2402 1559 2516 quod
1633 2405 2115 2489 consuetudo
2188 2407 2666 2503 obtinuerit)
2747 2406 2847 2486 fic
2893 2405 3401 2494 scribendum

1068 2517 1420 2630 quidque
1456 2520 1762 2623 judico,
1831 2517 2242 2628 quomodo
2279 2518 2513 2599 sonat.
2605 2521 2758 2600 Hic
2801 2522 3014 2600 enim
3054 2519 3169 2602 est
3210 2523 3401 2611 usus

1069 2631 1479 2711 literarum
1506 2686 1529 2721 ‚
1607 2655 1693 2711 ut
1741 2630 2175 2712 custodiant
2211 2657 2441 2712 voces
2464 2688 2489 2722 ,
2553 2635 2632 2710 ὅ(
2669 2631 2882 2713 velut
2936 2631 3399 2742 depolitum

1072 2740 1403 2824 reddant
1453 2742 1906 2846 legentibus.
2063 2748 2322 2851 itaque
2374 2741 2457 2823 id
2512 2748 2952 2850 exprimere
3025 2745 3335 2832 debent
3370 2810 3398 2844 ‚

1074 2849 1296 2964 quod
1345 2852 1622 2933 distin-i
1683 2852 1963 2935 sumus.
2107 2861 2250 2935 Hae
2316 2857 2482 2935 fere
2552 2855 2726 2937 sunt
2773 2857 3184 2940 emendate
3263 2865 3396 2944 lo-

1134 2962 1368 3047 uendi
1425 2962 1953 3072 scribendique
2038 2990 2345 3072 partes:
2436 2964 2622 3048 duas
2693 2969 3021 3078 reliquas
3060 3027 3086 3062 ,
3150 2973 3403 3082 figni-

1066 2990 1403 3159 {ieamer
1451 3096 1878 3183 ornateque
1929 3075 2276 3171 dicendi,
2342 3107 2505 3160 non
2559 3078 2924 3189 equidem
2979 3111 3404 3191 gramma.

1071 3191 1243 3271 ticis
1296 3188 1608 3269 aufero:
1660 3187 1791 3268 sed
1838 3217 2020 3270 cum
2072 3192 2330 3271 officia
2387 3192 2718 3273 rhetoris
2761 3193 3164 3301 superfiat,
3201 3228 3407 3284 ma.

1069 3304 1223 3406 jori
1269 3304 1489 3407 operi
1514 3321 1521 3328 ·
1547 3299 1875 3382 reservo,
1968 3302 2194 3385 Sedet
2232 3325 2493 3384 autem
2528 3305 2658 3385 illa
2696 3312 3064 3412 cogitatio
3087 3363 3107 3398 ,
3131 3335 3408 3417 quos,

1068 3409 1259 3492 dam
1309 3414 1517 3501 fore,
1566 3416 1702 3516 qui
1740 3413 1904 3492 haec
1989 3441 2164 3520 quae
2224 3415 2561 3497 diximus
2595 3472 2618 3509 ‚
2693 3446 2926 3524 parva
2986 3425 3404 3522 nimium,

1066 3526 1151 3604 &
1190 3518 1750 3628 impedimenta
1796 3550 2111 3633 quoque
2154 3532 2401 3628 majus
2450 3529 2740 3638 aliquid
2797 3534 3201 3638 agentibus
3245 3568 3412 3648 pu-

1068 3638 1258 3714 tent'.
1347 3641 1517 3714 Nec
1569 3633 1724 3741 ipse
1770 3632 1868 3715 ad
1916 3657 2352 3720 extremam
2401 3640 2641 3749 usque
2705 3648 3182 3728 anxietatem
3207 3709 3236 3737 ,
3313 3663 3409 3740 ὅ(

1062 3747 1363 3851 ineptas
1412 3747 1936 3828 cavillationes
1986 3750 2649 3846 descendendum,
2695 3777 2924 3865 atque
2972 3759 3088 3839 his
3155 3767 3416 3876 inge..

1060 3861 1191 3939 nia
1224 3856 1528 3939 concidi
1571 3865 1650 3939 ὃ(
1697 3864 2146 3943 comminui
2191 3862 2467 3946 credo:
2567 3867 2712 3948 Se'd
2748 3869 2944 3949 nihil
2980 3897 3075 3950 ex
3111 3879 3420 3979 ‘gi-sm-

1063 3971 1345 4074 matica
1382 3973 1737 4054 nocuerit
1759 4025 1783 4062 ‚
1819 3970 1957 4052 nifi
1998 3976 2215 4084 quod
2265 3978 2818 4088 supervacuum
2854 3983 2982 4063 est.
3008 3991 3150 4062 An
3191 3991 3412 4077 ideo

2149 4137 2156 4143 ·
2287 4133 2292 4144 ·
3093 4125 3415 4193 minor
