3557 5113
816 290 1039 417 253

1399 269 1549 376 M.
1667 268 2042 370 FA1311
2175 265 3177 410 Q11NCT1L1AN1

1153 558 1404 646 foret,
1455 549 1596 632 nisi
1629 547 1728 629 ad
1772 548 1969 626 hanc
2006 546 2601 653 perveniremus.
2696 551 3049 652 Denique
3090 575 3187 627 ex
3225 550 3423 654 quin-

1155 694 1307 776 que
1348 690 1530 773 quas
1573 660 1952 764 judicialis
2007 660 2346 737 materiae
2408 655 2724 736 fecimus
2783 660 3119 764 partibus
3159 714 3182 748 ‚
3238 686 3423 766 quae-

1158 805 1458 887 cunque
1521 773 1666 853 alia
1714 770 1970 881 potest
2046 764 2459 876 aliquando
2535 769 2933 851 necessaria
2991 769 3225 852 causae
3277 798 3424 852 non

1156 889 1299 969 esse
1339 922 1357 973 ς
1456 885 1549 964 lis
1591 882 1799 963 nulla
1829 880 1978 964 est,
2020 885 2144 964 cui
2189 880 2644 984 probatione
2698 908 2890 989 opus
2921 907 3081 962 non
3118 880 3227 958 fit.
3265 886 3421 982 Ejus

1152 1017 1530 1108 praeeepta
1579 994 1678 1073 fic
1737 996 2038 1098 optime
2103 989 2417 1074 divisuri
2476 990 2833 1074 videmur
2870 1048 2895 1087 ‚
2960 1017 3045 1071 ut
3103 998 3308 1100 prius
3355 997 3424 1073 in

1156 1134 1576 1193 commune
1614 1132 1784 1214 quae
1822 1101 1917 1185 ad
1957 1130 2233 1185 omnes
2268 1100 2718 1211 quaestiones
2741 1107 3168 1208 pertinent,
3193 1105 3425 1184 osten-

1156 1223 1467 1303 damus:
1523 1213 1806 1299 deinde
1849 1242 2018 1325 quae
2053 1218 2135 1294 in
2170 1240 2482 1328 quoque
2526 1212 2757 1295 causa:
2806 1243 3090 1325 genere
3130 1221 3433 1325 propria

1156 1333 1369 1424 sunt,
1415 1353 1910 1445 exequamur.

1346 1591 1500 1671 AC
1566 1589 1819 1693 prima
1853 1575 2169 1687 quidem
2192 1578 2323 1658 illa
2360 1580 2675 1683 partitio
2716 1578 2809 1656 ab
2848 1580 3266 1661 Aristotele
3300 1603 3431 1665 tra-

1154 1695 1314 1779 dita
1358 1691 1808 1780 consensum
1844 1692 2004 1768 fere
2049 1694 2407 1773 omnium
2449 1700 2776 1769 meruit:
2840 1689 3018 1770 alias
3065 1692 3212 1772 esse
3265 1721 3437 1799 pro-

1153 1809 1500 1890 bationes
1540 1831 1728 1911 quas
1771 1823 1988 1883 extra
2042 1799 2349 1886 dicendi
2398 1784 2785 1881 ratio'i'nem
2834 1804 3227 1908 aceiperet
3276 1831 3439 1885 ora-

1159 1941 1325 2010 tor3
1389 1916 1568 1997 alias
1610 1941 1796 2020 quas
1829 1940 1924 1991 ex
1962 1912 2175 1992 causa
2207 1912 2543 1994 traheret
2567 1915 2725 2017 iple
2749 1968 2774 2004 ,
2815 1918 2896 1994 ὃς
2932 1910 3435 2021 quodamino-

1157 2028 1264 2109 do
1284 2030 1660 2135 gigneret.
1699 2023 2031 2131 Ideoque
2049 2024 2211 2107 illas
2250 2020 2540 2117 ἀτέχνες
2564 2079 2584 2111 ,
2615 2022 2695 2105 id
2744 2023 2851 2105 est
2891 2025 3429 2116 inartificiales;

1153 2140 1289 2221 has
1327 2132 1669 2231 ἑντὲχνες,
1726 2133 1809 2217 id
1848 2134 1958 2215 est
2027 2134 2455 2218 artificiales
2479 2190 2501 2225 ,
2563 2159 3060 2222 vocaverunt.
3154 2142 3270 2217 Ex
3309 2136 3440 2216 illo

1153 2254 1413 2359 priore
1461 2274 1742 2353 genere
1786 2245 1956 2329 sunt
1997 2246 2431 2351 praejudicia
2458 2302 2485 2337 ,‚
2547 2273 2899 2325 rumores
2924 2302 2947 2336 ,
3017 2268 3431 2335 tormenta,

1158 2360 1431 2445 tabulae
1455 2354 1500 2451 ‚'
1534 2354 2101 2458 jusjurandum,
2144 2356 2399 2439 testes:
2467 2360 2549 2436 in
2586 2357 2857 2465 quibus
2896 2384 3075 2464 pars
3105 2363 3434 2440 maxima

1155 2472 1757 2554 contentionum
1812 2464 2229 2551 forenfium
2270 2465 2633 2550 consistit„
2735 2467 2882 2549 Sed
2956 2493 3042 2548 ut
3103 2469 3264 2578 ipsa
3308 2498 3434 2577 pet

1157 2580 1231 2665 se
1295 2603 1552 2664 carent
1623 2602 1786 2662 arte
1807 2635 1828 2666 ,
1893 2581 2001 2661 ita
2052 2576 2369 2661 summis
2420 2578 2878 2685 eloquentia:
2926 2583 3220 2664 viribus
3269 2584 3437 2663 alle-

1158 2691 1409 2775 vanda
1466 2690 1633 2769 sunt
1686 2689 2145 2800 plerumque
2170 2744 2193 2780 ‚
2269 2696 2345 2772 &
2407 2690 2851 2774 refellenda..
2937 2699 3207 2799 Qare
3259 2696 3437 2775 mihi

1158 2802 1521 2886 videntur
1568 2827 2039 2913 magnopere
2084 2799 2545 2892 damnandi,
2606 2808 2744 2914 qui
2797 2825 3057 2887 totum
3102 2807 3266 2887 hoc
3319 2835 3435 2913 ge-

1163 2941 1305 2994 nus
1339 2943 1384 3000 a
1412 2913 1809 3027 praeceptis
1848 2935 2370 3014 removerunt.
2394 2919 2563 2994 Nec
2601 2935 2860 2998 tamen
2894 2919 2976 2997 in
3015 2918 3437 3006 animodi,

1162 3029 1427 3106 omnia
1480 3051 1649 3134 quae
1694 3047 1823 3108 aut
1856 3050 2003 3130 pro
2032 3025 2149 3109 his
2193 3046 2322 3107 aut
2362 3047 2634 3109 contra
2670 3025 2826 3108 dici
2870 3025 3147 3118 solent,
3241 3053 3440 3109 com-

1163 3138 1413 3247 plesti.
1527 3142 1715 3220 Non
1758 3139 1973 3220 enim
2021 3164 2477 3218 communes
2520 3137 2737 3221 locos
2778 3137 3081 3220 tradere
3120 3140 3441 3223 destina-

1164 3276 1380 3340 mus,
1437 3246 1650 3356 quod
1711 3247 1890 3330 esset
1935 3252 2190 3353 operis
2232 3248 2555 3340 infiniti,
2616 3247 2745 3329 sed
2800 3254 3011 3332 viam
3058 3254 3442 3358 quandam

1163 3381 1392 3467 atque
1431 3363 1842 3444 rationem„
1935 3361 2237 3461 Qibus
2264 3360 2838 3450 demonstratis,
2876 3389 3036 3441 non
3083 3366 3343 3448 modo
3376 3371 3443 3443 in

1155 3471 1617 3578 exequendo
1693 3470 1856 3553 suas
1917 3471 2240 3579 quisque
2304 3475 2504 3556 vires
2554 3471 2781 3556 debet
2812 3471 3206 3558 ⁴adhibere:
3245 3534 3271 3568 ‚
3333 3473 3447 3556 sed

1158 3587 1395 3666 etiam
1439 3582 1905 3670 inveniendo
1950 3581 2226 3667 fimilia
2248 3636 2269 3676 ‚
2345 3605 2430 3666 ut
2494 3610 2814 3693 quaeque
2885 3582 3250 3673 conditio
3312 3591 3445 3668 liti·

1156 3720 1296 3778 um.
1356 3694 1632 3801 poscet.
1746 3700 2024 3804 Neque
2077 3699 2291 3778 enim
2327 3694 2425 3776 de
2471 3698 2829 3779 omnibus
2892 3693 3126 3778 caufis
3202 3700 3447 3781 dicere

1155 3804 1557 3934 quisquam
1608 3807 1862 3918 potest
1885 3862 1910 3900 ‚
1937 3804 2204 3891 filtem
2244 3812 2685 3916 praeteritis,
2738 3831 2823 3894 ut
2864 3830 3169 3893 taceam
3202 3810 3307 3895 de
3346 3814 3449 3892 fu-

1161 3935 1369 4005 tuns.

3236 4047 3461 4261 μη
