3557 5113
718 215 980 369 265
1388 210 1537 373 M.
1634 212 2010 320 FA1311
2116 178 3213 346 QlNCTILlAle'

651 515 850 598 cn,
895 514 1058 599 Vll,
1088 496 1512 592 desiderat,
1568 528 1724 609 pro·
1796 525 1936 579 reo
2012 494 2347 597 dicendo
2381 552 2439 597 ‚0
2490 494 2864 603 suspestus
2928 497 3163 599 judici
3216 497 3361 582 fiat:

793 630 802 645 ⁶
887 636 892 641 ·
966 640 970 644 ’
1011 644 1046 653 ··
1086 641 1248 722 quo
1281 641 1446 694 non
1490 618 1749 695 minus
1804 608 2167 694 nocebit,
2226 636 2463 718 quam
2518 608 2575 689 fi
2640 637 2821 691 vera
2871 611 2954 689 in
3000 638 3219 690 reum
3270 610 3366 692 di-

1083 725 1325 806 xisset.
1473 733 1585 808 At
1625 723 1684 807 fi
1744 721 2006 832 (quod
2062 718 2395 803 secundo
2445 719 2623 803 loco
2667 721 3053 820 diximus)
3120 724 3365 803 nesciat

1091 840 1306 921 astor
1339 838 1526 949 quid
1569 834 1947 948 propositi
1986 833 2189 915 testis
2257 832 2636 925 attulerit,
2702 831 3079 941 paulatim
3103 892 3126 926 ,
3159 842 3266 927 &,
3296 858 3367 916 ut

1089 951 1417 1043 dicitur,
1451 950 1937 1057 pedetentim
1974 944 2533 1053 interrogando
2566 965 3007 1053 experietur
3042 951 3365 1028 animum

1085 1064 1292 1165 ejus,
1360 1068 1440 1146 &
1496 1059 1593 1144 ad
1636 1059 1716 1145 id
1743 1058 2192 1168 responsum
2242 1056 2457 1168 quod
2511 1055 2985 1140 eliciendum
3041 1065 3211 1151 e‘rit,
3253 1087 3371 1167 per

1086 1170 1366 1285 gradus
1419 1171 1673 1258 ducet.
1792 1170 1940 1253 Sed
1992 1175 2170 1277 quia
2212 1197 2777 1280 nonnunquam
2833 1170 3004 1253 sunt
3048 1173 3171 1254 hae
3207 1198 3373 1280 quo-

1091 1312 1243 1394 que
1292 1286 1603 1369 testium
1652 1306 1892 1373 artes,
1947 1305 2031 1364 ut
2065 1292 2328 1390 primo
2395 1280 2495 1363 ad
2544 1284 3033 1365 voluntatem
3094 1284 3375 1391 respon-

1091 1397 1362 1491 deant,
1456 1426 1614 1510 quo
1673 1398 1970 1495 majore
2026 1394 2183 1475 fide
2233 1392 2526 1475 diversa
2593 1395 2857 1503 postea
2905 1393 3209 1488 dicant3
3285 1394 3378 1475 est

1089 1514 1463 1605 oratoris,
1493 1508 1922 1618 suspectum
1982 1505 2255 1586 testem
2304 1502 2503 1586 dum
2541 1503 2856 1613 prodest
2894 1561 2917 1597 ,
2982 1506 3376 1587 dimittere.

1090 1610 1604 1705 Patronorum
1645 1625 1728 1701 in
1785 1639 2004 1725 parte
2061 1614 2540 1721 expeditior,
2593 1620 2673 1699 in
2731 1639 2946 1725 parte
3004 1617 3381 1699 difficilior

1093 1735 1602 1841 interrogatio
1645 1730 1773 1811 est.
1873 1728 2299 1810 Difficilior
2338 1729 2539 1820 hoc,
2591 1729 2807 1837 quod
2843 1759 3024 1811 raro
3062 1758 3383 1841 unquam

1090 1843 1394 1954 possunt
1459 1865 1639 1925 ante
1697 1839 2077 1942 judicium
2135 1839 2323 1921 scire
2382 1839 2571 1949 quid
2622 1841 2836 1941 *testis
2897 1841 3239 1926 disturus
3283 1841 3377 1921 fit.

1087 1954 1588 2062 Expeditior,
1629 1950 1846 2064 quod
1887 1980 2070 2034 cum
2107 1951 2698 2061 interrogandus
2733 1953 2840 2033 est
2866 2008 2888 2044 ,
2937 1953 3184 2037 sciunt
3218 1951 3384 2062 quid

1093 2062 1398 2147 dixerit.
1510 2071 1772 2174 Itaque
1821 2066 1903 2147 in
1967 2093 2065 2146 eo
2122 2063 2335 2173 quod
2394 2070 2777 2147 incertum
2854 2064 3008 2157 est,
3077 2092 3256 2146 cura
3317 2071 3384 2145 δι

1093 2177 1582 2290 inquisitione
1643 2180 1839 2287 opus
1899 2174 2056 2267 est,
2121 2180 2293 2284 quis
2346 2204 2571 2256 reum
2617 2196 2974 2286 premat,
3063 2207 3252 2288 quas
3321 2183 3389 2256 &

1091 2291 1368 2400 quibus
1425 2320 1520 2373 ex
1567 2289 1800 2377 causis
1839 2290 2277 2369 inimicitias
2322 2286 2647 2370 habeat:
2743 2316 2985 2397 eaque
3039 2293 3124 2370 in
3175 2292 3391 2370 orati-

1099 2429 1251 2481 one
1290 2401 1774 2510 praedicenda
1807 2424 2039 2509 atque
2081 2397 2525 2481 amolienda
2556 2399 2767 2485 sunt,
2802 2398 2955 2483 five
2997 2400 3193 2483 odio
3227 2427 3391 2480 con-

1095 2512 1319 2604 flatos
1373 2514 1635 2622 testeS,
1690 2512 1844 2598 sive
1897 2507 2183 2595 invidia
2221 2568 2244 2603 ,
2298 2507 2481 2614 five·
2511 2510 3023 2619 gratia.,s1ve
3082 2515 3394 2622 pecunia

1089 2619 1346 2708 ‘videri
1411 2628 1792 2709 volumus.
1887 2630 1981 2706 Et
2020 2623 2076 2704 fi
2113 2619 2520 2707 deficietur
2560 2652 2895 2705 numero
2938 2653 3119 2732 pars
3159 2626 3394 2707 diver-

1091 2737 1217 2826 sa,
1286 2742 1793 2845 paucitatem:
1890 2731 1949 2816 fi
2014 2733 2426 2817 abundabit
2460 2793 2483 2829 ,
2556 2736 3263 2845 conspirationem:
3346 2732 3393 2838 fi

1102 2848 1435 2932 humiles
1484 2847 1864 2958 producet
1894 2903 1915 2932 ‚
1993 2847 2417 2943 vilitatem:
2486 2845 2542 2927 fi
2600 2861 2957 2956 potentes
2989 2905 3013 2941 ,
3079 2852 3397 2958 gratiam

1102 2955 1499 3068 oportebit
1543 2955 1932 3043 incessere.
2027 2955 2197 3054 Plus
2231 2981 2493 3039 tamen
2530 2959 2881 3067 proderit
2935 2961 3197 3043 causas
3238 2987 3401 3071 pro-

1101 3069 1277 3181 pter
1312 3101 1498 3183 quas
1540 3101 1764 3153 reum
1794 3068 2073 3150 laeda‘nt
2110 3125 2151 3182 ,Ι
2200 3074 2632 3177 eiiponere:
2718 3099 2903 3184 ,quae
2942 3075 3118 3154 sunt
3164 3078 3402 3162 variat,

1103 3190 1180 3269 δε
1226 3177 1370 3292 pro
1404 3173 1856 3266 conditione
1899 3177 2257 3289 cujusque
2312 3181 2466 3263 litis
2509 3207 2637 3265 aut
2675 3182 3110 3292 litigatoris.
3212 3193 3405 3267 Nam

1104 3323 1378 3378 contra
1418 3298 1546 3379 illa
1585 3324 1756 3404 quae
1796 3295 2016 3402 supra
2051 3293 2385 3375 diximus
2409 3352 2430 3379 ,
2484 3294 2712 3376 simili
2767 3300 3064 3378 ratione
3102 3297 3403 3406 respon-

1096 3406 1264 3492 deri
1310 3409 1503 3489 locis
1535 3406 2101 3489 communibus·
2124 3403 2317 3486 solet
2348 3464 2370 3494 ‚
2426 3411 2604 3517 quia
2638 3414 2718 3492 &
2754 3412 2835 3490 in
2876 3413 3147 3519 paucis
3183 3433 3403 3519 atque

1094 3518 1514 3628 humilibus
1548 3518 1936 3614 aecusator
1979 3515 2466 3629 simplicitate
2509 3519 2827 3629 gloriari
2868 3521 3179 3630 potest,
3209 3515 3409 3631 quod

1093 3636 1495 3714 neminem
1534 3654 1815 3738 praeter
1855 3659 1987 3712 eos
2035 3641 2173 3741 ¹qui
2216 3630 2522 3741 possunt
2564 3631 2749 3713 scire
2776 3690 2796 3728 ,
2855 3631 3287 3742 quaesierit:
3342 3638 3413 3714 ὅ(

1085 3743 1383 3829 multos
1417 3767 1646 3852 atque
1687 3741 2050 3826 honestos
2091 3758 2188 3825 c‘o
2201 3742 2656 3826 mmendare
2696 3744 3095 3854 aliquanto
3146 3746 3268 3827 est
3317 3743 3413 3822 fa-

1087 3854 1327 3940 cilius.
1422 3859 1724 3937 Verum
1776 3858 2090 3939 interim
2131 3861 2209 3938 ὃ(
2244 3853 2578 3963 singulos
2634 3879 2721 3938 ut
2799 3881 3245 3950 exornare,
3318 3858 3416 3936 ita

1086 3965 1490 4086 destruere,
1527 3970 1961 4082 contingit,
2018 3991 2151 4054 aut
2194 3969 2532 4052 recitatis
2576 3970 2660 4054 in
2713 3968 3016 4053 afflone
3034 4026 3061 4069 ,
3124 3987 3267 4055 aut
3279 3989 3418 4164 ἐξ
