3557 5113
291 262 498 426 De
524 253 966 467 bestit.
1022 258 1735 428 Oratoria,
1766 250 2067 419 Lib.
2102 254 2288 409 V.
2522 276 2747 397 293

193 588 328 668 libet
358 615 609 669 earum
647 584 1223 667 innumerabilis
1265 610 1902 692 argumentorum
1948 593 2170 696 copia
2203 584 2406 669 oria·
2437 593 2629 689 Cn.
2679 599 2789 700 X2

197 724 311 778 tur:
377 728 615 809 neque
643 728 783 806 per
823 696 1151 804 fingulas
1195 697 1477 803 species
1515 706 1795 807 exequi
1839 704 2127 807 patitur
2182 726 2404 782 natu-
2763 693 2770 700 ’

189 817 533 893 ια’τεηιῐῃε
602 811 816 920 quod
867 823 1002 917 qui
1044 810 1211 891 sunt
1256 811 1503 889 facere
1542 817 1841 903 conati,
1910 812 2067 892 duo
2114 818 2405 919 pariter

189 922 499 1004 subierunt
553 919 1093 1012 incommoda,
1149 945 1235 1001 ut
1294 928 1373 1002 &
1421 925 1753 1002 nimium
1805 923 2198 1015 dicerent,
2262 952 2406 1008 nec

188 1058 385 1114 tamen
424 1059 698 1116 totum.
794 1032 1018 1115 Unde
1060 1032 1377 1139 plurimi
1406 1061 1589 1112 cum
1640 1040 1721 1113 in
1777 1036 1917 1113 hos
1981 1036 2407 1142 inexplica-

189 1146 321 1225 biles
364 1145 668 1256 laqueos
744 1143 1178 1225 inciderunt
1211 1200 1235 1235 ,
1295 1171 1621 1224 omnem
1690 1149 1925 1227 etiam
1992 1175 2227 1253 quem
2309 1175 2409 1226 ex

189 1262 428 1363 ingenio
454 1259 586 1340 suo
626 1252 1037 1364 potue'rant
1065 1258 1343 1336 habere
1401 1278 1816 1345 conatum,
1872 1257 2086 1336 velut
2140 1257 2409 1347 adstri-

183 1371 253 1448 sti
281 1375 476 1450 certis
509 1374 775 1478 legum
827 1369 1150 1449 vinculis
1202 1366 1742 1474 perdiderunt:
1821 1373 1899 1447 ὅ(
1958 1368 2412 1475 magistrum

183 1484 635 1587 respicienteS,
693 1502 1045 1560 naturam
1106 1478 1390 1559 ducem
1442 1477 1649 1585 sequi
1705 1478 2108 1559 desierunt.
2207 1485 2418 1560 Nam

181 1616 240 1669 ut
271 1622 388 1697 per
424 1595 492 1674 se
547 1622 711 1673 non
750 1592 1027 1671 sufficit
1070 1589 1256 1671 scire
1280 1646 1303 1674 ,
1337 1618 1612 1670 omnes
1661 1591 2155 1696 probationes
2197 1613 2325 1670 aut
2374 1618 2418 1670 a

178 1706 448 1807 perionis
487 1728 617 1787 aut
667 1733 710 1784 a
765 1704 989 1783 rebus
1061 1706 1281 1809 peti,
1337 1705 1516 1810 quia
1579 1722 1998 1808 utrumque
2048 1704 2130 1781 in
2195 1703 2418 1808 plura

179 1813 512 1897 dividitur:
606 1822 714 1895 ita
751 1843 848 1895 ex
898 1813 1513 1894 antecedentibus
1566 1819 1645 1893 ὅτ.
1714 1816 1990 1913 junctis
2068 1819 2147 1894 &
2223 1812 2414 1892 inse-

175 1931 515 2032 quentibus
552 1927 926 2035 trahenda
948 1926 1093 2005 ess'e
1119 1947 1572 2033 argumenta
1612 1932 1745 2031 qui
1776 1930 2193 2030 acceperit,
2220 1952 2415 2027 num

175 2044 459 2140 protinus
499 2045 581 2120 in
625 2043 779 2120 hoc
825 2037 916 2117 fit
954 2038 1353 2117 instructus
1377 2092 1399 2126 ‚
1431 2058 1517 2144 ut
1559 2035 1749 2144 quid
1790 2039 1868 2113 in
1905 2064 2209 2145 quaque
2242 2064 2413 2116 cau·

174 2149 225 2225 sa
266 2150 679 2233 ducendum
721 2150 813 2230 fit
855 2178 952 2229 ex
994 2150 1111 2228 his
1135 2206 1157 2240 ‚
1195 2149 1417 2228 sciat?
1481 2147 1903 2252 praesertim
1943 2176 2125 2227 cum
2169 2147 2413 2254 pluri-

175 2288 283 2342 mae
324 2266 807 2370 probationes
842 2266 924 2341 in
986 2260 1152 2367 ipso
1210 2258 1603 2340 causarum
1648 2258 2068 2365 complexu
2119 2262 2412 2366 reperi-7

175 2399 376 2465 antur,
438 2386 538 2456 ita
588 2398 679 2457 ut
729 2374 874 2454 sint
915 2401 1097 2455 curn
1132 2373 1275 2453 alia
1313 2373 1449 2452 lite
1484 2369 1697 2454 nulla
1748 2398 2412 2462 communes,eae-

173 2508 285 2589 que
340 2486 471 2568 fint
538 2495 623 2570 δ(
703 2482 1283 2594 potentiffimae,
1358 2490 1434 2566 ὅ(
1490 2485 1816 2563 minime
1863 2483 2145 2565 obviae:
2229 2487 2410 2593 quia

176 2605 556 2680 communia
591 2628 692 2680 ex
716 2601 1116 2705 praeceptis
1154 2599 1586 2703 accepimus
1612 2651 1635 2686 ‚
1660 2600 1983 2702 propria
2013 2600 2407 2678 invenien-

174 2703 247 2785 da
275 2711 434 2792 sunt.
525 2693 713 2793 Hoc
757 2737 999 2817 genus
1043 2730 1683 2816 argumentorum
1726 2713 1899 2789 lanc
1933 2707 2275 2789 dicamus
2312 2735 2412 2789 ex

176 2823 673 2905 circumstantia
701 2879 724 2913 ,
748 2826 928 2931 quia
959 2824 1304 2930 πρῖε-κων
1353 2819 1608 2902 dicere
1666 2819 1889 2902 aliter
1945 2847 2105 2900 non
2162 2818 2415 2926 poffu-

171 2957 329 3012 mus:
384 2934 502 3017 vel
565 2963 671 3017 ex
714 2937 806 3014 iis
844 2961 1017 3041 quae
1067 2931 1424 3040 cujusque
1464 2931 1697 3013 causa:
1725 2935 2048 3039 propria
2092 2931 2299 3013 sunt:
2323 2951 2414 3012 ut

169 3043 227 3121 in
301 3044 424 3127 illo
488 3046 859 3128 adultero
936 3043 1326 3124 sacerdote
1368 3100 1392 3134 ,
1496 3047 1630 3149 qui
1692 3043 1863 3149 lege
1937 3071 2089 3152 qua
2175 3047 2401 3124 unius

171 3150 456 3238 servandi
514 3158 985 3266 potestatem
1050 3156 1377 3238 habebat
1421 3211 1443 3239 ,
1520 3154 1592 3234 se
1656 3153 1815 3260 ipse
1888 3154 2179 3236 servare
2277 3183 2418 3256 vo«,

171 3259 325 3358 luit,
405 3276 826 3378 proprium
926 3268 1036 3347 cst
1135 3263 1671 3348 controverfiae
1762 3264 2019 3345 dicere
2065 3298 2083 3344 :
2258 3280 2421 3349 Non

174 3405 338 3457 unum
362 3408 721 3464 nocentem
759 3379 1097 3487 servabis
1112 3433 1134 3470 ‚
1176 3384 1357 3490 quia
1387 3403 1457 3459 te
1487 3375 1757 3483 dimffl
1795 3378 2202 3459 adulteram
2245 3387 2421 3460 occi-

180 3487 300 3567 dere
324 3523 435 3572 nen
480 3493 759 3575 licebit.
910 3498 1085 3573 Hoc
1141 3494 1355 3570 enirn
1407 3513 1949 3596 argumentum
2002 3491 2127 3569 lex
2188 3491 2416 3582 facit,

181 3621 310 3702 qua:
337 3607 684 3710 prohibet
721 3603 1149 3684 adulteram
1183 3600 1341 3683 fine
1379 3602 1731 3698 adultero
1762 3598 2036 3680 occidi.
2106 3606 2196 3681 Et
2240 3602 2369 3682 illa
2391 3659 2415 3694 ‚

181 3711 379 3820 inqua
411 3719 562 3798 lata
604 3719 744 3798 lex
777 3717 930 3811 cst3
995 3740 1079 3797 ut
1120 3724 1520 3825 argentarii
1560 3715 1954 3795 dimidium
1990 3746 2079 3796 ex
2114 3746 2188 3796 eo
2230 3716 2426 3826 quod
2526 3803 2529 3806 ,

170 3820 437 3909 debebant
462 3890 486 3917 ,
527 3833 909 3940 fiherent
942 3863 966 3905 .-
1068 3828 1415 3908 crcditam
1441 3830 1665 3933 situm
1725 3851 1953 3908 totum
2008 3835 2371 3937 exigerent
2391 3863 2416 3906 .-

163 3938 603 4043 Argentarius
644 3942 746 4023 ab
806 3944 1242 4049 argentario
1299 3938 1632 4021 solidum
1679 3942 1898 4046 petit.
2012 3944 2428 4047 Proprium

159 4071 236 4144 §x
261 4060 569 4157 materia
618 4052 738 4162 est
776 4075 1326 4166 argumentum
1364 4054 1766 4137 creditoris
1781 4105 1809 4146 ,
1866 4050 2159 4135 idcirco
2202 4050 2422 4243 Ξάῇε-

1323 4171 1468 4251 oo
1507 4190 1545 4266 3
2280 4186 2423 4245 um
