3557 5113
1870 268 2299 353 EDITIO

1048 371 1802 480 oonm‘Nsls

760 597 928 693 lag.
970 608 1131 682 754.
1676 698 1677 701 Ἴ

863 700 1045 784 Qiin
1093 694 1189 763 illi
1223 689 1486 764 subtiles
1514 739 1534 769 ,
1580 715 1654 766 ut
1706 689 1944 764 fimiles
1983 719 2058 766 ac

762 791 958 859 multi
975 785 1418 876 persuaserunt
1439 790 1751 882 magistri,
1778 786 2052 873 veneficiu-

760 913 890 968 Wa.
947 882 1291 954 scribendo
1354 881 1486 973 eise<
1524 887 1718 956 altius
1769 888 2057 957 tradide-

762 1000 937 1059 runt.

759 1092 932 1185 Pag.
973 1077 1128 1156 ead.
1543 1164 1557 1172 ‚

854 1192 959 1255 An
978 1181 1494 1256 Demosthenem
1515 1182 1784 1256 mallem
1806 1180 1885 1256 fic
1899 1180 2059 1280 egis:-

761 1277 828 1349 se
852 1303 929 1352 ut
964 1277 1238 1377 scripfit5
1257 1302 1369 1351 aut
1391 1282 1836 1352 Ciceronem?
1874 1283 2011 1357 διε.

764 1390 936 1486 Pag.
980 1404 1117 1475 755.

853 1496 1035 1560 Nam
1067 1490 1134 1557 id
1163 1511 1430 1582 quoque
1456 1486 1819 1579 plurimum
1840 1485 2057 1569 refert,

762 1607 902 1677 quo
934 1584 1147 1653 modo
1166 1584 1356 1671 judex
1377 1584 1600 1652 audire
1630 1580 1825 1653 velit=
1858 1606 2077 1679 atque,

761 1686 823 1751 ei
852 1675 1074 1748 vultus
1109 1675 1271 1770 saepe
1304 1673 1438 1770 ipse
1473 1676 1681 1745 restas
1710 1678 1799 1746 est
1831 1681 2053 1749 dicen-

766 1777 976 1858 tis,ut
1005 1775 1247 1842 Cicero
1266 1771 1589 1862 praecipit.
1644 1771 1931 1865 Ideoque
1955 1778 2058 1842 in-

760 1867 1059 1940 standum
1097 1869 1176 1939 iis
1210 1889 1350 1958 quae
1399 1865 1652 1957 placere
1716 1864 2054 1937 intellexe-

757 1968 877 2035 ris,
908 1958 1318 2031 refiliendum
1347 1957 1428 2029 ab
1460 1964 1536 2026 iis
1558 1983 1698 2050 quae
1729 1984 1863 2028 non
1890 1967 2055 2033 reci.

754 2061 1041 2150 pientur.
1096 2058 1327 2126 Sermo
1362 2051 1494 2147 ipse
1523 2051 2052 2148 qui-facilejudi-

758 2177 904 2222 cem
934 2157 1209 2241 doceat,
1242 2150 1592 2245 optandus·

753 2262 924 2357 Pag.
968 2257 1119 2346 758.

853 2360 1069 2430 Dicet
1091 2357 1266 2429 idem
1298 2363 1585 2453 graviter
1601 2411 1620 2438 .
1634 2358 1874 2442 severe,
1894 2363 2056 2432 acri-

756 2472 894 2541 ter,
913 2452 1373 2543 vehementer,
1393 2456 1752 2539 concitate,
1772 2454 2057 2549 copiose,

752 2572 1008 2628 amare,
1042 2550 1360 2625 comiter,
1390 2543 2057 2638 remiffe,subriliter,

753 2639 1042 2732 blande,
1071 2642 1341 2729 leniter,
1377 2642 1687 2723 dulciter,
1731 2641 2055 2726 breviter,

755 2735 1036 2819 urbane,
1059 2760 1196 2806 non
1231 2733 1473 2830 ubique
1508 2735 1735 2824 fimul,
1765 2735 1871 2806 sed
1909 2737 2054 2809 ubi-

750 2857 1011 2928 cunque
1029 2857 1145 2928 par
1175 2827 1285 2899 fibi
1319 2828 1465 2901 fiet:
1514 2853 1655 2901 tum
1689 2833 1753 2900 id
1780 2855 2058 2996 ίἳποριιτι·

752 2932 945 3021 quod
980 2929 1272 2999 maxime
1304 2947 1592 3020 repertus
1619 2928 1710 2997 est
1731 2953 1772 3000 u
1809 2952 1882 3000 us
1910 2953 2054 3000 ora·

749 3026 988 3106 tionis,
1038 3043 1111 3093 ut
1135 3021 1880 3102 dicat&uriliter,&ad
1913 3018 2051 3095 effi·

746 3120 1059 3189 ciendum
1074 3121 1253 3212 quod
1281 3119 1602 3197 intendit,
1620 3137 1956 3212 potenter.

746 3228 921 3323 Pag.
954 3215 1107 3295 ead.

847 3327 971 3395 Sed
1005 3319 1401 3395 evanescunt
1443 3322 1583 3396 haee
1624 3344 1827 3419 atque
1858 3350 2048 3399 emo-

746 3423 1007 3492 riuntur
1038 3424 1539 3511 comparatione
1564 3417 1948 3497 meliorum:
1973 3441 2053 3494 ut

744 3515 902 3586 lana
939 3516 1147 3596 tinwrsta
1167 3511 1323 3584 fuco
1350 3516 1515 3584 citra
1532 3536 1882 3608 purpuram
1908 3516 2050 3609 pla-

751 3625 900 3682 cet:
957 3635 1031 3681 ac
1051 3605 1095 3676 fi
1125 3607 1488 3679 contuleris
1518 3612 1719 3678 etiam
1745 3608 2047 3700 lacernae,

746 3704 1101 3800 conspectu
1119 3699 1413 3773 melioris
1433 3698 1773 3791 obruatur,
1791 3726 1862 3775 ut
1879 3710 2048 3777 Ovi-

746 3801 901 3870 dius
925 3803 1036 3876 air.
1139 3800 1197 3867 Si
1234 3822 1394 3868 vero
1418 3798 1737 3885 judicium
1770 3796 1872 3869 his
1898 3825 2048 3872 eor-

744 3899 956 3989 ruptis
987 3896 1195 3965 acrius
1240 3889 1546 3965 adhibeas
1572 3944 1591 3974 ,
1639 3914 1710 3964 ut
1752 3889 2047 3968 buccinis

2360 379 2693 464 ARGE
2713 383 2880 466 NT
2902 384 3282 467 ORAT.

2236 702 2423 792 Qin
2461 699 2558 772 illi
2596 697 2857 773 subtiles
2886 753 2907 790 ,
2959 722 3035 774 ut
3084 700 3321 776 fimiles
3360 730 3446 778 ac

2140 797 2337 865 multi
2375 792 2825 889 persuaserunt
2863 799 3196 892 magistri,
3243 800 3448 885 wa&-

2136 892 2346 974 Jaypa.
2376 887 2734 977 scribendo
2754 892 2876 965 effe
2906 898 3127 991 aptius
3153 899 3445 970 tradide-

2139 995 2337 1083 runo:

2232 1186 2335 1259 An
2367 1194 2846 1267 Demosthenes
2875 1196 3050 1269 male
3083 1180 3165 1273 fic
3205 1199 3440 1298 egiffet

2140 1305 2213 1355 ut
2242 1281 2486 1384 scripsit
2499 1342 2517 1371 ,
2533 1313 2645 1363 aut
2662 1297 2905 1366 Cicero
2923 1295 2948 1369 ἓ
2980 1299 3113 1371 dee.
3281 1312 3288 1317 '

2229 1496 2414 1562 Nam
2443 1495 2508 1563 id
2531 1520 2798 1591 quoque
2819 1497 3174 1593 plurimum
3208 1503 3439 1595 refert,

2136 1612 2273 1680 quo
2300 1588 2506 1658 modo
2540 1594 2726 1680 judex
2757 1597 2983 1666 audire
3000 1595 3190 1668 velit:
3235 1622 3447 1694 atque

2137 1689 2275 1772 ejus
2295 1681 2509 1752 vultus
2523 1682 2684 1778 saepe
2707 1684 2838 1781 ipse
2859 1690 3075 1760 redtor
3090 1693 3176 1763 est
3203 1695 3444 1766 dicen-

2137 1781 2221 1849 tis
2253 1824 2273 1851 ,
2322 1802 2395 1846 ur
2448 1784 2691 1850 Cicero
2737 1788 3051 1876 praecipit.
3141 1790 3443 1882 Ideoque

2139 1873 2505 1941 instandum
2541 1878 2619 1943 iis
2649 1901 2790 1971 qua:
2825 1879 3445 1972 placereintellexe·

2135 1969 2251 2047 τίς,
2302 1967 2711 2039 refiliendur'n
2757 1970 2838 2042 ab
2866 1976 2944 2042 iis
2978 1999 3119 2069 quae
3153 2002 3291 2049 non
3329 2003 3444 2053 re-

2135 2064 2484 2154 cipientur.
2552 2066 2785 2136 Sermo
2808 2064 2944 2160 ipse
2969 2076 3086 2162 qui
3120 2069 3314 2149 facile
3337 2081 3446 2168 ju·

2135 2156 2351 2228 dicem
2389 2159 2654 2244 docear,
2683 2164 3034 2257 aptandus,
3433 2166 3440 2172 ’

2232 2367 2432 2438 Dicet
2459 2367 2635 2440 idem
2661 2376 2948 2464 graviter
2965 2419 2985 2450 .
3002 2373 3218 2452 severe
3232 2433 3251 2461 ‚
3264 2386 3439 2454 acri-

2138 2476 2237 2529 ter
2253 2513 2271 2540 ,
2289 2458 2745 2547 vehementer,
2764 2473 3121 2547 concitate,
3140 2474 3442 2571 copiose,

2137 2579 2358 2625 amare
2402 2608 2420 2635 ,
2485 2564 2770 2634 comiter
2805 2611 2828 2642 ,
2904 2565 3156 2638 remisse
3192 2622 3212 2650 ,
3278 2566 3440 2641 sub-

2136 2646 2366 2729 tiliter,
2388 2648 2627 2726 blande
2641 2709 2658 2737 ‚
2678 2658 2949 2740 leniter,
2963 2661 3260 2743 dulciter,
3277 2662 3438 2736 bre.

2133 2750 2336 2825 viter,
2351 2744 2603 2818 urbane
2617 2803 2640 2839 ,
2663 2776 2795 2821 non
2824 2751 3063 2850 ubique
3081 2754 3265 2828 fimul
3281 2812 3301 2846 ,
3316 2757 3436 2834 sed

2134 2834 2379 2931 ubique
2409 2841 2734 2932 partibus:
2759 2843 2844 2921 fic
2873 2847 2984 2921 fiet
3002 2876 3154 2922 cum
3184 2857 3250 2923 id
3269 2879 3433 2948 pro-

2132 2953 2278 3027 pter
2310 2937 2496 3028 quod
2522 2946 2814 3013 maxime
2843 2967 3133 3039 repertus
3157 2949 3248 3021 est
3275 2948 3432 3022 ufus

2127 3033 2488 3119 orationis,
2520 3053 2593 3104 ut
2628 3037 2893 3110 dicat&
2917 3039 3202 3129 utiliter,
3236 3048 3307 3113 ὃς
3339 3049 3430 3118 ad

2128 3117 2547 3197 efficiendum
2572 3135 2752 3226 quod
2778 3137 3070 3209 intendit
3090 3159 3430 3234 potenter.

2203 3330 2328 3402 Sed
2346 3335 2739 3412 evanescunt
2759 3335 2899 3413 ᾗτε
2927 3362 3064 3441 atq3
3085 3345 3426 3420 emoriun-

2133 3445 2237 3496 tur
2266 3439 2767 3522 eomparatione
2792 3437 3184 3512 meliorum:
3217 3465 3289 3514 ut
3321 3443 3424 3515 la-

2127 3544 2215 3590 na
2241 3521 2446 3626 t-ind'ka
2465 3523 2624 3600 fuco
2653 3533 2817 3603 citra
2842 3556 3158 3630 purpuras,
3170 3534 3427 3630 placet:

2130 3636 2196 3686 at
2229 3621 2271 3682 ίι
2309 3618 2663 3694 contuleris
2681 3629 2924 3708 eriam,
2945 3628 3218 3702 lacernae
3250 3645 3423 3704 con-

2125 3709 2346 3806 spestu
2371 3717 2661 3790 melioris
2683 3718 3108 3808 obruatur,ut
3124 3728 3419 3816 Ovidius

2128 3809 2222 3876 ait
2250 3834 2269 3881 ε
2319 3803 2365 3875 fi
2390 3835 2544 3881 vero
2586 3817 2901 3903 judicium
2946 3818 3044 3889 his
3084 3826 3415 3915 corruptis

2124 3906 2337 3973 acrius
2371 3904 2712 3988 adhibeas,
2739 3934 2816 3985 ut
2839 3910 3000 3987 fuco
3029 3916 3254 3988 tinais
3278 3914 3414 3984 sul-

739 4013 1131 4090 purpuram,
1142 3997 1278 4087 jam
1310 3987 1475 4065 illud
1495 3990 1679 4085 quod
1699 3986 2044 4081 fefellerat,
2120 3992 2376 4093 pharas
2424 4003 2562 4094 iam
2587 4002 2791 4091 illud,
2831 4008 3018 4104 quod
3054 4006 3416 4091 fefellerat,

3199 4119 3424 4205 ‘exuas
