3557 5113
243 267 920 482 Delnstit.
983 269 1692 441 Oratoricl,
1725 258 2024 427 Lib.
2073 261 2314 423 IX.
2502 224 2721 421 3565

168 574 447 670 testatur
485 585 929 695 frequenter
966 641 988 670 ‚
1031 583 1105 667 st
1142 571 1360 696 quod
1395 583 1898 672 numerosum
1928 585 2024 673 fit
2061 619 2437 702 quaerere3*
2458 613 2525 697 c
2545 629 2660 685 u.
2713 594 2848 692 m

169 722 240 783 ut
273 703 507 806 magis
550 726 714 778 non
753 697 1037 808 ἐίςυθμον
1063 755 1086 791 ,
1183 698 1398 807 quod
1457 700 1640 782 ess'et
1679 702 2042 786 inscitum
2081 729 2308 814 atque
2351 736 2432 792 a·

167 811 402 922 greste,
426 837 662 919 quam
712 806 1031 911 ἔνρυθμον,
1120 811 1337 919 quod
1364 816 1760 918 poeticum
1815 816 1924 896 est
1950 875 1978 908 ‚
2028 817 2173 897 esse
2209 845 2422 902 com-

167 924 597 1033 pofitlonem
646 923 835 1003 velit
872 957 896 1001 .·
932 922 1117 1003 ficut
1153 926 1389 1003 etiam
1428 949 1632 1031 quos·
1667 924 2023 1015 παλαιςαῖς
2078 925 2224 1010 effe
2272 958 2427 1010 no,-

172 1037 432 1126 lumus,
477 1033 930 1116 tamen‘esse
974 1034 1341 1115 nolumus
1376 1064 1509 1115 eos
1551 1040 1688 1145 qui
1727 1035 2092 1120 dicuntur
2109 1037 2431 1119 εἰκέλω·

172 1180 296 1245 ςροι.
409 1154 705 1230 Verum
745 1175 835 1227 ea
887 1172 1057 1254 quae
1093 1147 1460 1229 efficitur-
1491 1175 1589 1228 ex
1615 1147 1939 1254 pedibus
1993 1180 2202 1259 aequa
2246 1182 2434 1235 con-

171 1259 399 1352 clus10‚
449 1287 747 1340 nomen
781 1258 1100 1365 aliquod
1141 1256 1536 1339 desiderat.
1637 1260 1850 1361 Qid
1890 1260 1980 1341 fit
2018 1266 2251 1369 igitur
2285 1294 2428 1372 po,

174 1376 296 1453 tius
332 1400 570 1480 quam
604 1397 970 1450 numerus
996 1425 1018 1461 ‚
1045 1376 1124 1452 ὅ(
1170 1376 1555 1476 oratorius
1587 1371 1959 1453 numerus
1985 1430 2007 1466 ‚
2039 1397 2125 1455 ut
2159 1378 2430 1483 enthy-

174 1511 400 1564 mema
473 1484 899 1563 rhetoricus
950 1480 1432 1589 syllogismus
1489 1489 1528 1562 ?
1603 1487 1769 1588 Ego
1807 1506 2014 1565 certe
2054 1515 2153 1567 ne
2187 1491 2266 1566 in
2310 1515 2435 1568 ca-

170 1596 524 1677 lumniam
561 1593 833 1675 cadam
870 1648 893 1684 ‚
922 1620 1074 1702 qua
1117 1621 1214 1673 nc
1261 1598 1367 1674 M.
1445 1593 1765 1703 quidem
1817 1596 2115 1679 Tullius
2165 1604 2435 1689 caruit,

170 1708 378 1816 posto
420 1710 576 1788 hoc
618 1707 815 1788 mihi
838 1760 862 1791 ‚
917 1727 1004 1787 ut
1040 1729 1224 1786 cum
1273 1734 1422 1812 pro
1465 1697 1901 1813 composito
1933 1709 2210 1792 dixero
2288 1740 2440 1792 nu-

175 1848 478 1906 merum,
509 1825 590 1902 δε
629 1817 1062 1925 ubicunque
1102 1821 1261 1920 jam
1295 1816 1456 1898 dixi
1497 1873 1521 1909 ,
1554 1824 1986 1900 oratorium
2021 1820 2280 1904 dicere
2322 1828 2443 1904 in-

174 1933 473 2039 telligar.
590 1929 1027 2012 Collocatio
1079 1952 1343 2012 autem
1396 1930 1626 2015 verba
1668 1936 1830 2035 jam
1874 1934 2200 2040 probata
2252 1990 2276 2026 ,
2358 1941 2442 2017 δε

170 2043 421 2135 electa,
479 2048 563 2125 &
599 2041 815 2126 velut
852 2039 1213 2149 affignata
1251 2040 1388 2121 fibi
1443 2042 1672 2123 debet
1717 2046 2174 2126 connectere
2214 2074 2449 2126 :nam

167 2157 277 2239 vel
312 2157 506 2239 dura
545 2161 752 2237 inter
793 2154 866 2234 se
905 2153 1303 2234 commissa
1327 2158 1632 2260 potiora
1668 2155 1837 2236 sunt
1858 2158 2260 2240 inutilibus.
2300 2164 2448 2252 Ta,-

169 2296 336 2349 men
374 2275 451 2350 ὅ(
489 2267 780 2377 eligere
819 2266 1174 2376 quaedam
1211 2323 1233 2351 ,
1282 2264 1468 2346 dum
1505 2295 1600 2345 ex
1645 2269 1732 2346 iis
1772 2295 1935 2377 quae
1971 2268 2182 2350 idem
2225 2264 2454 2377 figniss

167 2379 381 2464 ficent
406 2438 432 2474 ‚
513 2393 751 2490 atque
789 2380 1004 2460 idem
1035 2379 1368 2469 valeant,
1392 2378 1877 2485 permiserim
1910 2413 1928 2460 ε
1966 2387 2045 2462 &
2089 2381 2445 2484 adjicere,

167 2490 338 2575 dum
377 2522 543 2576 non
579 2492 834 2575 ociosa
864 2526 889 2571 .-
936 2497 1014 2574 &
1050 2487 1455 2575 detrahere
1480 2545 1503 2582 ‚
1569 2489 1758 2572 dum
1798 2520 1962 2574 non
1996 2493 2444 2576 necessaria:

169 2604 389 2702 sed&
410 2607 688 2715 figuris
724 2627 1021 2709 mutare
1060 2610 1139 2686 ὅ(
1168 2604 1374 2685 casus
1402 2610 1481 2685 &
1523 2632 1922 2699 numeros,
1946 2633 2287 2716 quorum
2324 2635 2451 2690 va-

164 2720 372 2800 rietas
404 2721 861 2828 frequenter
897 2721 1141 2823 gratia
1179 2714 1764 2827 compositionis
1810 2718 2091 2800 adscita
2150 2774 2170 2805 ‚
2211 2725 2450 2829 etiam

167 2827 307 2909 fine
338 2856 680 2913 numero
720 2828 910 2910 solet
955 2829 1100 2909 esse
1141 2827 1470 2933 jucunda
1503 2862 1527 2907 .·
1567 2834 1805 2910 etiam
1844 2833 1973 2911 ubi
1996 2831 2204 2913 aliud
2225 2836 2449 2924 ratic,

164 2941 351 3024 aliud
384 2942 877 3026 consuetudo
916 2941 1181 3048 poscit,
1223 2966 1488 3023 utrum
1525 2941 1757 3023 volet·
1785 2944 2037 3027 sumat.
2072 2942 2457 3049 compofi-

164 3058 293 3137 tio:
337 3053 673 3164 Vita-»iffi
708 3052 833 3139 vel
873 3053 1119 3160 vitqffi
1153 3051 1791 3166 ,UDePrebendera
1841 3055 1968 3136 vel
2016 3056 2455 3155 deprendere.

164 3173 421 3250 Coitus
457 3173 703 3250 etiam
745 3166 1205 3275 syllabarum
1246 3193 1408 3245 non
1446 3168 1772 3271 negabo,
1795 3171 1874 3247 ὅ(
1902 3166 2274 3276 quicquid
2292 3166 2460 3246 sen·

168 3286 406 3363 tentiis
444 3305 585 3363 aut
631 3280 1094 3388 eloquentiae
1120 3306 1281 3358 non
1315 3278 1643 3383 nocebit.
1678 3282 2154 3385 Praecipuum
2197 3300 2461 3379 tamen

162 3395 242 3472 in
270 3396 416 3475 hoc
457 3420 668 3501 opus
701 3388 811 3471 est
833 3447 855 3482 ‚
887 3392 1083 3470 'scire
1120 3387 1335 3498 quod
1368 3408 1683 3498 quoque
1724 3390 1904 3471 loco
1934 3391 2262 3475 verbum
2297 3419 2462 3473 ma,-

167 3510 368 3585 xime
407 3507 768 3615 quadret.
887 3509 1147 3610 Atque
1183 3505 1245 3582 is
1287 3505 1586 3607 optime
1630 3527 2099 3609 componet,
2135 3507 2267 3612 qui
2306 3504 2460 3584 hoc

167 3615 409 3699 solum
449 3614 993 3723 componendi
1036 3617 1278 3722 gratia
1306 3613 1584 3694 faciet.·
1667 3618 1909 3695 Ratio
1943 3644 2132 3697 vero
2171 3615 2464 3723 pedum

165 3734 250 3810 in
289 3736 651 3811 oratione
696 3731 805 3809 est
846 3730 1105 3809 multo
1141 3743 1386 3835 'quam-
1432 3730 1514 3807 in
1555 3727 1775 3808 versu
1815 3728 2213 3809 difficilior
2247 3760 2265 3808 ε
2312 3733 2467 3835 pri-

160 3870 413 3931 mum,
448 3842 687 3951 quod
727 3842 980 3922 versus
1016 3845 1276 3946 paucis
1299 3839 1744 3920 continetur
1763 3877 1788 3931 ,-
1877 3846 2131 3920 oratio
2161 3843 2473 3947 longio-

155 3983 276 4035 res
314 3955 556 4036 habet
600 3955 800 4066 saepe
836 3956 1197 4035 circuitus
1240 3991 1261 4029 .-
1301 3949 1582 4031 deinde
1617 3952 1840 4060 ‘quod
1881 3954 2134 4035 versus
2172 3954 2476 4056 semper

153 4066 422 4181 similis
461 4068 614 4176 fibi
666 4067 787 4174 'est
826 4121 854 4165 ,
920 4072 1007 4155 ὃς
1047 4092 1197 4151 una
1238 4067 1551 4262 ratiggp²
1601 4063 1942 4150 decurrit
1982 4118 2009 4162 ,
2102 4063 2475 4149 orationis

1279 4179 1349 4262 B
1606 4202 1646 4287 ξ
2182 4185 2186 4194 “
2260 4199 2481 4281 com:
