3557 5113
309 222 964 435 Delrfflit.
973 218 1703 407 oratoria,
1712 214 2016 385 Lib.
2038 219 2425 381 VIII.
2603 254 2822 411 45!

233 548 299 624 &
337 569 423 623 ex
477 542 621 623 hoc
661 594 686 628 ‚
741 539 1124 649 quodest
1178 546 1263 623 in
1303 538 1708 637 montibus
1763 538 2482 653 emioentissimum.
2508 551 2697 632 Cn.
2730 547 2836 627 11.
2864 582 2896 601 -·

236 655 437 734 Retie
466 701 487 736 ‚
535 656 862 762 inquam
905 709 928 745 ‚
991 653 1282 737 dixeris
1345 654 1508 735 haec
1591 659 1861 736 omnia
1902 663 2252 747 vertices,⁸
2309 684 2487 764 pro·
2746 708 2749 711 Δ

239 768 375 873 prie
429 788 683 848 tamen
714 820 741 856 ,
824 764 1028 847 unde
1093 766 1408 848 initium
1470 766 1600 859 est.
1731 770 1853 848 Sic
1883 767 2089 874 fileae
2142 772 2251 867 δι,
2280 770 2487 851 turdi

235 877 427 985 pisces
448 934 472 969 ,
534 884 611 963 δι
664 897 957 970 caetera.
1003 882 1343 960 Tertius
1373 878 1503 959 ‘est
1555 878 1740 963 huic
1781 878 2116 964 diversus
2170 879 2481 975 modus,

233 1018 380 1070 cum
429 1018 541 1072 res
598 993 1041 1070 communis
1099 989 1445 1098 pluribus
1490 1049 1512 1076 ‚
1586 995 1668 1071 in
1714 1019 1872 1073 uno
1923 992 2189 1099 aliquo
2244 994 2481 1077 habet

237 1126 485 1183 nomen
532 1105 908 1185 eximium
965 1137 989 1180 :
1059 1125 1146 1183 ut
1188 1128 1506 1184 carmen
1569 1104 1887 1183 funebre
1945 1108 2273 1211 proprie
2327 1119 2476 1185 Νι-

236 1222 338 1294 nit
360 1268 382 1306 ,
440 1219 514 1296 ὃ(
566 1212 1147 1307 tabernaculum
1194 1213 1408 1295 ducis
1427 1271 1453 1299 ,
1507 1217 1895 1324 Aaegustale.
2011 1220 2211 1303 Item
2262 1216 2482 1325 quod

236 1350 605 1407 commune
652 1325 763 1407 est
827 1332 908 1407 δ’(
979 1325 1147 1407 aliis
1199 1349 1499 1415 nomen
1551 1378 1575 1416 ‚
1649 1326 2047 1409 intellectu
2088 1326 2317 1409 alicui
2368 1330 2484 1410 rei

238 1439 670 1541 peculiariter
709 1438 1070 1519 tribuitur
1108 1472 1136 1529 ,τ
1226 1461 1312 1521 ut·
1368 1437 1617 1520 urbam
1674 1494 1697 1522 .
1807 1443 2154 1519 Romam
2203 1441 2485 1546 accipi-

237 1575 410 1629 mus:
460 1555 537 1632 &
586 1553 879 1631 venales
895 1607 917 1641 ‚
953 1551 1301 1632 novit-ios
1334 1579 1353 1627 ε
1413 1556 1492 1630 ὅ(
1535 1548 1911 1632 Corinthia
1931 1606 1957 1641 ,
2019 1579 2171 1631 aera
2214 1580 2234 1629 z
2298 1578 2484 1632 cum

241 1656 352 1740 sint
395 1663 599 1744 urbes
664 1661 832 1743 aliae
881 1688 1201 1771 quoque
1246 1716 1272 1753 ‚
1359 1666 1439 1745 δε
1499 1662 1796 1745 venalia
1850 1662 2093 1742 multa
2116 1717 2137 1752 ,
2192 1667 2274 1744 δε
2325 1684 2490 1743 tam

243 1794 463 1854 amun
513 1781 594 1857 &
662 1796 1076 1880 argentmn
1113 1829 1138 1865 ‚
1213 1800 1457 1883 quam
1509 1799 1617 1863 -aes
1672 1776 2203 1856 Corinthium.
2341 1770 2490 1859 Sed

244 1906 323 1963 ne
358 1889 429 1965 in
472 1885 585 1968 his
633 1885 960 1995 quidem
1002 1890 1243 1970 virtus
1304 1890 1638 1969 oratoris
1696 1884 2110 1993 inspicitur.
2226 1891 2336 1967 At
2395 1885 2489 1969 il·-

242 1993 356 2075 lud
394 2002 529 2098 jam
571 2025 742 2080 non
792 1997 1303 2080 mediocriter
1380 1996 1874 2105 probandum
1943 2000 1987 2090 ,'
2073 1996 2291 2107 quod
2340 1996 2496 2078 hoc

245 2110 446 2188 etiam
479 2108 777 2193 laudari
832 2108 1082 2191 modo
1138 2107 1330 2192 solet
1368 2165 1391 2201 ‚
1455 2132 1544 2192 ut
1593 2113 1910 2216 proprie
1973 2107 2268 2190 dictum
2308 2141 2337 2198 5
2416 2107 2498 2189 id

242 2216 369 2308 est,
403 2246 539 2330 quo
581 2220 792 2305 nihil
842 2226 1171 2305 inveniri
1220 2219 1450 2327 poffit
1504 2219 2046 2328 fignificantius
2088 2252 2107 2301 :
2165 2242 2251 2301 ut
2292 2224 2493 2300 Cato

238 2325 400 2410 dixit
427 2349 491 2415 C.
523 2336 851 2444 Castum
918 2336 1024 2415 ad
1098 2334 1551 2417 evertendam
1603 2331 2103 2443 rewdlicam
2159 2331 2480 2442 fibrium

236 2444 489 2554 aeccffffb
527 2484 550 2527 .·
613 2469 707 2529 ut
756 2445 1124 2553 Virgilius
1179 2447 1554 2527 dedubi'nm
1606 2474 1890 2526 carmen
1910 2501 1934 2530 ‚
2002 2450 2082 2525 ὅ(
2117 2445 2482 2526 Horatius

241 2581 428 2636 acrem
475 2560 738 2642 tibiam
770 2614 792 2651 ‚
848 2558 1250 2640 Hannibale
1369 2589 1459 2641 ue
1504 2560 1767 2640 dirum.
1882 2563 1968 2638 In
2023 2584 2188 2665 quo
2236 2551 2486 2642 modo

240 2662 395 2750 illud
430 2697 739 2784 quoque
783 2670 895 2750 est
941 2700 986 2752 a
1050 2590 1504 2780 quibssglmn
1561 2669 1932 2762 traditum
1991 2673 2291 2774 proprii
2346 2693 2480 2772 ge-

245 2801 354 2857 nus
379 2837 398 2871 ,
450 2810 550 2865 ex
597 2781 1020 2892 appositis:
1059 2810 1226 2891 quae
1265 2784 1601 2890 epitheta
1646 2780 2049 2872 dicuntur,
2078 2803 2176 2862 ut
2210 2812 2232 2876 3
2291 2782 2470 2860 Dul-

239 2916 298 2965 ce
320 2897 580 2998 mssnm
619 2933 645 2976 .-
720 2901 797 2975 &
819 2951 842 2986 ‚
885 2913 1064 2977 Cum
1112 2892 1437 2978 dentibus
1495 2893 1689 2976 albis.
1783 2901 1931 2975 De
1962 2921 2122 3003 quo
2182 2919 2474 2998 genere

240 2999 362 3080 alio
407 3005 572 3087 loco
622 3003 1049 3089 dicendum
1098 3005 1227 3087 est.
1341 3010 1592 3087 Etiam
1644 3033 1816 3113 quae
1872 3006 2072 3085 bene
2115 3003 2474 3084 translata

238 3108 376 3194 iiiut
407 3173 429 3206 ,
527 3120 854 3228 propria
922 3117 1076 3199 dici
1146 3117 1414 3199 solent.
1590 3120 1929 3222 Interim,
1992 3139 2255 3204 autem
2298 3141 2469 3223 quae

242 3219 376 3306 sunt
425 3232 499 3310 in
543 3257 871 3341 quoque
907 3257 1193 3337 genere
1247 3231 1625 3337 praecipua
1652 3283 1677 3320 ,
1729 3230 2029 3334 proprii
2049 3226 2319 3306 locum
2353 3252 2475 3305 ac-

243 3336 521 3439 cipiunt:
578 3366 665 3424 ut
711 3340 973 3423 Fabius
1030 3345 1234 3422 inter
1270 3341 1527 3447 plures
1558 3342 2095 3446 imperatorias
2136 3338 2472 3429 virtutes,

247 3455 560 3535 cunctator
613 3452 731 3534 est
770 3453 1216 3559 appellatus.
1343 3450 1645 3533 Poss'unt
1703 3450 1950 3552 videri
2003 3448 2236 3532 verba
2306 3477 2473 3557 quae

245 3553 384 3656 plus
425 3562 842 3673 significant
900 3592 1135 3674 quam
1188 3560 1658 3674 eloquuntur
1691 3620 1714 3646 ‚
1777 3560 1885 3644 in'
1922 3585 2140 3669 parte
2186 3589 2475 3666 ponen-

244 3659 326 3743 da
372 3671 899 3783 perspicuitatis
933 3701 960 3753 ⁴:
1027 3676 1509 3757 intellectum
1557 3676 1776 3755 enim·
1820 3671 2199 3786 adjuvant.
2311 3667 2475 3796 Ego1

237 3800 454 3863 autem
497 3789 857 3872 libentius
910 3785 1308 3897 emphasin
1355 3787 1753 3870 retulerim
1821 3782 1918 3868 ad
1973 3803 2338 3867 ornatum
2392 3809 2478 3865 o:

231 3893 507 4011 rationis
548 3935 575 3978 .·
629 3903 810 4009 quia
850 3923 1012 3982 non
1059 3911 1145 3981 ut
1175 3899 1652 4007 intelligatur
1692 3897 1982 3992 efficit,
2021 3896 2150 3981 sed
2186 3920 2269 3981 ut
2308 3897 2479 4003 plus

226 4005 685 4116 intelligatur.
798 4017 910 4092 At
963 4011 1379 4095 obscuritas
1427 4011 1518 4091 fit
1599 4011 2137 4123 etiam-verbis
2192 4011 2285 4092 ab
2347 4008 2484 4086 usu

1397 4124 1469 4204 L
1491 4122 1570 4202 11
1623 4148 1665 4202 2
2228 4145 2487 4199 remo-
