<?xml version="1.0" encoding="UTF-8"?>
<!DOCTYPE html PUBLIC "-//W3C//DTD XHTML 1.0 Transitional//EN"
    "http://www.w3.org/TR/xhtml1/DTD/xhtml1-transitional.dtd">
<html xmlns="http://www.w3.org/1999/xhtml" xml:lang="en" lang="en">
 <head>
  <title>
</title>
<meta http-equiv="Content-Type" content="text/html;charset=utf-8" />
  <meta name='ocr-system' content='tesseract 3.04.00' />
  <meta name='ocr-capabilities' content='ocr_page ocr_carea ocr_par ocr_line ocrx_word'/>
</head>
<body>
  <div class='ocr_page' id='page_1' title='image "./deinstitutioneo00obregoog_0724.png"; bbox 0 0 3557 5113; ppageno 0'>
   <div class='ocr_carea' id='block_1_1' title="bbox 805 109 3140 256">
    <p class='ocr_par' dir='ltr' id='par_1_1' title="bbox 805 93 3383 256">
     <span class='ocr_line' id='line_1_1' title="bbox 805 109 3140 256; baseline -0.005 -25"><span class='ocrx_word' id='word_1_1' title='bbox 805 129 1024 256; x_wconf 81' lang='lat'>582</span> <span class='ocrx_word' id='word_1_2' title='bbox 1362 116 1509 221; x_wconf 86' lang='lat' dir='ltr'>M.</span> <span class='ocrx_word' id='word_1_3' title='bbox 1602 119 2011 226; x_wconf 73' lang='lat' dir='ltr'>FA1311·</span> <span class='ocrx_word' id='word_1_4' title='bbox 2106 109 3140 254; x_wconf 65' lang='lat' dir='ltr'>.Q1Nc·r11.1a·m-</span> 
     </span>
    </p>
   </div>
   <div class='ocr_carea' id='block_1_2' title="bbox 720 405 3306 3997">
    <p class='ocr_par' dir='ltr' id='par_1_2' title="bbox 720 405 3306 3997">
     <span class='ocr_line' id='line_1_2' title="bbox 720 405 3287 530; baseline -0 -27"><span class='ocrx_word' id='word_1_5' title='bbox 720 432 908 512; x_wconf 54' lang='lat' dir='ltr'>Cu».</span> <span class='ocrx_word' id='word_1_6' title='bbox 941 413 1100 514; x_wconf 58' lang='lat' dir='ltr'>IV.</span> <span class='ocrx_word' id='word_1_7' title='bbox 1132 447 1250 504; x_wconf 85' lang='lat' dir='ltr'>res</span> <span class='ocrx_word' id='word_1_8' title='bbox 1302 421 1607 530; x_wconf 84' lang='lat' dir='ltr'>semper</span> <span class='ocrx_word' id='word_1_9' title='bbox 1636 421 1846 527; x_wconf 88' lang='lat' dir='ltr'>cupit</span> <span class='ocrx_word' id='word_1_10' title='bbox 1870 473 1893 509; x_wconf 87' lang='lat'>‚</span> <span class='ocrx_word' id='word_1_11' title='bbox 1930 412 2147 528; x_wconf 90' lang='lat' dir='ltr'>quod</span> <span class='ocrx_word' id='word_1_12' title='bbox 2169 417 2494 498; x_wconf 89' lang='lat' dir='ltr'>minime</span> <span class='ocrx_word' id='word_1_13' title='bbox 2517 417 3008 502; x_wconf 84' lang='lat' dir='ltr'>festinantium</span> <span class='ocrx_word' id='word_1_14' title='bbox 3027 405 3287 526; x_wconf 78' lang='lat' dir='ltr'>opusess:</span> 
     </span>
     <span class='ocr_line' id='line_1_3' title="bbox 1137 530 3292 640; baseline -0.001 -24"><span class='ocrx_word' id='word_1_15' title='bbox 1137 542 1256 616; x_wconf 88' lang='lat' dir='ltr'>Ac</span> <span class='ocrx_word' id='word_1_16' title='bbox 1305 536 1503 615; x_wconf 88' lang='lat' dir='ltr'>mihi</span> <span class='ocrx_word' id='word_1_17' title='bbox 1560 531 1863 616; x_wconf 85' lang='lat' dir='ltr'>videtur</span> <span class='ocrx_word' id='word_1_18' title='bbox 1898 552 2064 611; x_wconf 88' lang='lat' dir='ltr'>tota</span> <span class='ocrx_word' id='word_1_19' title='bbox 2122 532 2462 610; x_wconf 83' lang='lat' dir='ltr'>narratio</span> <span class='ocrx_word' id='word_1_20' title='bbox 2504 530 2848 611; x_wconf 84' lang='lat' dir='ltr'>constare</span> <span class='ocrx_word' id='word_1_21' title='bbox 2931 533 3292 640; x_wconf 75' lang='lat' dir='ltr'>longioribus</span> 
     </span>
     <span class='ocr_line' id='line_1_4' title="bbox 1137 641 3291 749; baseline -0.001 -21"><span class='ocrx_word' id='word_1_22' title='bbox 1137 648 1533 736; x_wconf 85' lang='lat' dir='ltr'>membris,</span> <span class='ocrx_word' id='word_1_23' title='bbox 1575 643 2054 726; x_wconf 83' lang='lat' dir='ltr'>brevioribus</span> <span class='ocrx_word' id='word_1_24' title='bbox 2096 641 2457 748; x_wconf 75' lang='lat' dir='ltr'>periodis.</span> <span class='ocrx_word' id='word_1_25' title='bbox 2604 649 3050 749; x_wconf 85' lang='lat' dir='ltr'>Argumenta</span> <span class='ocrx_word' id='word_1_26' title='bbox 3077 646 3291 725; x_wconf 88' lang='lat' dir='ltr'>acria&amp;</span> 
     </span>
     <span class='ocr_line' id='line_1_5' title="bbox 1136 753 3290 865; baseline -0.003 -24"><span class='ocrx_word' id='word_1_27' title='bbox 1136 764 1412 848; x_wconf 83' lang='lat' dir='ltr'>citata,</span> <span class='ocrx_word' id='word_1_28' title='bbox 1469 757 1787 865; x_wconf 87' lang='lat' dir='ltr'>pedibus</span> <span class='ocrx_word' id='word_1_29' title='bbox 1830 781 2157 864; x_wconf 76' lang='lat' dir='ltr'>quoque</span> <span class='ocrx_word' id='word_1_30' title='bbox 2176 753 2272 833; x_wconf 91' lang='lat' dir='ltr'>ad</span> <span class='ocrx_word' id='word_1_31' title='bbox 2307 754 2505 833; x_wconf 83' lang='lat' dir='ltr'>hanc</span> <span class='ocrx_word' id='word_1_32' title='bbox 2549 777 2899 834; x_wconf 86' lang='lat' dir='ltr'>naturam</span> <span class='ocrx_word' id='word_1_33' title='bbox 2961 783 3290 838; x_wconf 86' lang='lat' dir='ltr'>accommo-</span> 
     </span>
     <span class='ocr_line' id='line_1_6' title="bbox 1138 866 3289 976; baseline -0.004 -25"><span class='ocrx_word' id='word_1_34' title='bbox 1138 871 1333 951; x_wconf 87' lang='lat' dir='ltr'>datis</span> <span class='ocrx_word' id='word_1_35' title='bbox 1374 892 1724 952; x_wconf 78' lang='lat' dir='ltr'>utentur.</span> <span class='ocrx_word' id='word_1_36' title='bbox 1777 895 1942 946; x_wconf 87' lang='lat' dir='ltr'>non</span> <span class='ocrx_word' id='word_1_37' title='bbox 1991 889 2253 947; x_wconf 88' lang='lat' dir='ltr'>tamen</span> <span class='ocrx_word' id='word_1_38' title='bbox 2295 870 2401 946; x_wconf 89' lang='lat' dir='ltr'>ita</span> <span class='ocrx_word' id='word_1_39' title='bbox 2445 888 2528 945; x_wconf 92' lang='lat' dir='ltr'>ut</span> <span class='ocrx_word' id='word_1_40' title='bbox 2551 866 2943 958; x_wconf 76' lang='lat' dir='ltr'>trochaei5‚</span> <span class='ocrx_word' id='word_1_41' title='bbox 2995 897 3132 976; x_wconf 83' lang='lat' dir='ltr'>quae</span> <span class='ocrx_word' id='word_1_42' title='bbox 3161 866 3289 947; x_wconf 81' lang='lat' dir='ltr'>cele-</span> 
     </span>
     <span class='ocr_line' id='line_1_7' title="bbox 1135 976 3291 1089; baseline -0.002 -30"><span class='ocrx_word' id='word_1_43' title='bbox 1135 986 1251 1061; x_wconf 89' lang='lat' dir='ltr'>ria</span> <span class='ocrx_word' id='word_1_44' title='bbox 1289 980 1650 1089; x_wconf 79' lang='lat' dir='ltr'>quidem,</span> <span class='ocrx_word' id='word_1_45' title='bbox 1702 976 1834 1058; x_wconf 87' lang='lat' dir='ltr'>sed</span> <span class='ocrx_word' id='word_1_46' title='bbox 1871 976 2027 1057; x_wconf 84' lang='lat' dir='ltr'>fine</span> <span class='ocrx_word' id='word_1_47' title='bbox 2071 978 2356 1058; x_wconf 87' lang='lat' dir='ltr'>viribus</span> <span class='ocrx_word' id='word_1_48' title='bbox 2387 978 2581 1058; x_wconf 88' lang='lat' dir='ltr'>sunt.</span> <span class='ocrx_word' id='word_1_49' title='bbox 2718 983 2993 1072; x_wconf 86' lang='lat' dir='ltr'>Verum</span> <span class='ocrx_word' id='word_1_50' title='bbox 3042 982 3291 1087; x_wconf 82' lang='lat' dir='ltr'>quamvis</span> 
     </span>
     <span class='ocr_line' id='line_1_8' title="bbox 1133 1088 3290 1198; baseline -0.003 -26"><span class='ocrx_word' id='word_1_51' title='bbox 1133 1091 1280 1172; x_wconf 86' lang='lat' dir='ltr'>fint</span> <span class='ocrx_word' id='word_1_52' title='bbox 1320 1093 1690 1175; x_wconf 85' lang='lat' dir='ltr'>brevibus·</span> <span class='ocrx_word' id='word_1_53' title='bbox 1713 1088 2117 1197; x_wconf 87' lang='lat' dir='ltr'>longisque</span> <span class='ocrx_word' id='word_1_54' title='bbox 2155 1090 2428 1180; x_wconf 80' lang='lat' dir='ltr'>mixta,</span> <span class='ocrx_word' id='word_1_55' title='bbox 2460 1117 2629 1169; x_wconf 89' lang='lat' dir='ltr'>non</span> <span class='ocrx_word' id='word_1_56' title='bbox 2674 1111 2924 1169; x_wconf 84' lang='lat' dir='ltr'>tamen</span> <span class='ocrx_word' id='word_1_57' title='bbox 2955 1092 3163 1198; x_wconf 84' lang='lat' dir='ltr'>plures</span> <span class='ocrx_word' id='word_1_58' title='bbox 3186 1091 3290 1166; x_wconf 87' lang='lat' dir='ltr'>lon-</span> 
     </span>
     <span class='ocr_line' id='line_1_9' title="bbox 1136 1199 3288 1312; baseline -0.004 -27"><span class='ocrx_word' id='word_1_59' title='bbox 1136 1232 1270 1312; x_wconf 87' lang='lat' dir='ltr'>gas</span> <span class='ocrx_word' id='word_1_60' title='bbox 1308 1229 1564 1312; x_wconf 85' lang='lat' dir='ltr'>quam·</span> <span class='ocrx_word' id='word_1_61' title='bbox 1586 1205 1859 1283; x_wconf 88' lang='lat' dir='ltr'>breves</span> <span class='ocrx_word' id='word_1_62' title='bbox 1903 1201 2277 1281; x_wconf 86' lang='lat' dir='ltr'>habentia.</span> <span class='ocrx_word' id='word_1_63' title='bbox 2340 1199 2478 1282; x_wconf 85' lang='lat' dir='ltr'>llla</span> <span class='ocrx_word' id='word_1_64' title='bbox 2513 1200 2859 1282; x_wconf 87' lang='lat' dir='ltr'>sublimia</span> <span class='ocrx_word' id='word_1_65' title='bbox 2897 1201 3179 1308; x_wconf 79' lang='lat' dir='ltr'>spatiosas</span> <span class='ocrx_word' id='word_1_66' title='bbox 3193 1201 3288 1279; x_wconf 85' lang='lat' dir='ltr'>cla-</span> 
     </span>
     <span class='ocr_line' id='line_1_10' title="bbox 1140 1310 3287 1424; baseline -0.005 -28"><span class='ocrx_word' id='word_1_67' title='bbox 1140 1315 1408 1424; x_wconf 86' lang='lat' dir='ltr'>rasque</span> <span class='ocrx_word' id='word_1_68' title='bbox 1445 1344 1676 1400; x_wconf 85' lang='lat' dir='ltr'>voces</span> <span class='ocrx_word' id='word_1_69' title='bbox 1724 1314 2010 1394; x_wconf 87' lang='lat' dir='ltr'>habent</span> <span class='ocrx_word' id='word_1_70' title='bbox 2031 1369 2058 1405; x_wconf 88' lang='lat'><strong><em>,</em></strong></span> <span class='ocrx_word' id='word_1_71' title='bbox 2176 1335 2437 1392; x_wconf 87' lang='lat' dir='ltr'>amant</span> <span class='ocrx_word' id='word_1_72' title='bbox 2494 1312 3053 1420; x_wconf 89' lang='lat' dir='ltr'>amplitudinem</span> <span class='ocrx_word' id='word_1_73' title='bbox 3102 1310 3287 1414; x_wconf 58' lang='lat' dir='ltr'>dactyli</span> 
     </span>
     <span class='ocr_line' id='line_1_11' title="bbox 1141 1421 3288 1537; baseline -0.005 -28"><span class='ocrx_word' id='word_1_74' title='bbox 1141 1455 1481 1537; x_wconf 88' lang='lat' dir='ltr'>quoque,</span> <span class='ocrx_word' id='word_1_75' title='bbox 1524 1455 1610 1507; x_wconf 89' lang='lat' dir='ltr'>ac</span> <span class='ocrx_word' id='word_1_76' title='bbox 1651 1426 1942 1532; x_wconf 83' lang='lat' dir='ltr'>paeonis</span> <span class='ocrx_word' id='word_1_77' title='bbox 1980 1479 2009 1515; x_wconf 86' lang='lat'><strong>,</strong></span> <span class='ocrx_word' id='word_1_78' title='bbox 2094 1421 2389 1506; x_wconf 80' lang='lat' dir='ltr'>etiamsi</span> <span class='ocrx_word' id='word_1_79' title='bbox 2425 1427 2708 1523; x_wconf 82' lang='lat' dir='ltr'>majori</span> <span class='ocrx_word' id='word_1_80' title='bbox 2746 1453 2841 1504; x_wconf 85' lang='lat' dir='ltr'>ex</span> <span class='ocrx_word' id='word_1_81' title='bbox 2871 1449 3057 1534; x_wconf 88' lang='lat' dir='ltr'>parte</span> <span class='ocrx_word' id='word_1_82' title='bbox 3090 1423 3288 1531; x_wconf 75' lang='lat' dir='ltr'>syllabis</span> 
     </span>
     <span class='ocr_line' id='line_1_12' title="bbox 1140 1535 3286 1645; baseline -0.005 -26"><span class='ocrx_word' id='word_1_83' title='bbox 1140 1541 1530 1645; x_wconf 81' lang='lat' dir='ltr'>brevibus,</span> <span class='ocrx_word' id='word_1_84' title='bbox 1581 1535 2063 1643; x_wconf 85' lang='lat' dir='ltr'>temporibus</span> <span class='ocrx_word' id='word_1_85' title='bbox 2102 1536 2362 1616; x_wconf 81' lang='lat' dir='ltr'>tamen</span> <span class='ocrx_word' id='word_1_86' title='bbox 2406 1535 2568 1617; x_wconf 88' lang='lat' dir='ltr'>satis</span> <span class='ocrx_word' id='word_1_87' title='bbox 2609 1536 2838 1642; x_wconf 89' lang='lat' dir='ltr'>pleni.</span> <span class='ocrx_word' id='word_1_88' title='bbox 2910 1536 3138 1645; x_wconf 82' lang='lat' dir='ltr'>Aspera</span> <span class='ocrx_word' id='word_1_89' title='bbox 3166 1559 3286 1613; x_wconf 87' lang='lat' dir='ltr'>con·</span> 
     </span>
     <span class='ocr_line' id='line_1_13' title="bbox 1149 1642 3285 1756; baseline -0.005 -25"><span class='ocrx_word' id='word_1_90' title='bbox 1149 1673 1266 1731; x_wconf 87' lang='lat' dir='ltr'>tra</span> <span class='ocrx_word' id='word_1_91' title='bbox 1306 1653 1579 1751; x_wconf 83' lang='lat' dir='ltr'>jambis</span> <span class='ocrx_word' id='word_1_92' title='bbox 1612 1653 1953 1728; x_wconf 84' lang='lat' dir='ltr'>maxime</span> <span class='ocrx_word' id='word_1_93' title='bbox 1988 1650 2524 1727; x_wconf 83' lang='lat' dir='ltr'>concitantur:</span> <span class='ocrx_word' id='word_1_94' title='bbox 2561 1677 2730 1728; x_wconf 88' lang='lat' dir='ltr'>non</span> <span class='ocrx_word' id='word_1_95' title='bbox 2774 1648 3003 1730; x_wconf 89' lang='lat' dir='ltr'>solum</span> <span class='ocrx_word' id='word_1_96' title='bbox 3031 1642 3285 1756; x_wconf 84' lang='lat' dir='ltr'>quodfint</span> 
     </span>
     <span class='ocr_line' id='line_1_14' title="bbox 1155 1748 3284 1869; baseline -0.005 -27"><span class='ocrx_word' id='word_1_97' title='bbox 1155 1791 1200 1843; x_wconf 94' lang='lat' dir='ltr'>e</span> <span class='ocrx_word' id='word_1_98' title='bbox 1231 1760 1521 1842; x_wconf 89' lang='lat' dir='ltr'>duabus</span> <span class='ocrx_word' id='word_1_99' title='bbox 1564 1758 1812 1840; x_wconf 91' lang='lat' dir='ltr'>modo</span> <span class='ocrx_word' id='word_1_100' title='bbox 1844 1757 2148 1865; x_wconf 85' lang='lat' dir='ltr'>syllabis</span> <span class='ocrx_word' id='word_1_101' title='bbox 2179 1813 2209 1849; x_wconf 83' lang='lat'>,</span> <span class='ocrx_word' id='word_1_102' title='bbox 2293 1785 2548 1866; x_wconf 87' lang='lat' dir='ltr'>eoque</span> <span class='ocrx_word' id='word_1_103' title='bbox 2590 1760 3121 1869; x_wconf 83' lang='lat' dir='ltr'>frequentiorem</span> <span class='ocrx_word' id='word_1_104' title='bbox 3144 1748 3284 1853; x_wconf 73' lang='lat' dir='ltr'>quast</span> 
     </span>
     <span class='ocr_line' id='line_1_15' title="bbox 1151 1864 3277 1979; baseline -0.005 -27"><span class='ocrx_word' id='word_1_105' title='bbox 1151 1871 1462 1979; x_wconf 89' lang='lat' dir='ltr'>pulsum</span> <span class='ocrx_word' id='word_1_106' title='bbox 1495 1873 1807 1961; x_wconf 89' lang='lat' dir='ltr'>habent,</span> <span class='ocrx_word' id='word_1_107' title='bbox 1848 1897 2018 1978; x_wconf 84' lang='lat' dir='ltr'>quae</span> <span class='ocrx_word' id='word_1_108' title='bbox 2054 1897 2175 1949; x_wconf 87' lang='lat' dir='ltr'>res</span> <span class='ocrx_word' id='word_1_109' title='bbox 2215 1865 2513 1951; x_wconf 87' lang='lat' dir='ltr'>lenitati</span> <span class='ocrx_word' id='word_1_110' title='bbox 2549 1865 2925 1978; x_wconf 83' lang='lat' dir='ltr'>contraria</span> <span class='ocrx_word' id='word_1_111' title='bbox 2963 1871 3080 1950; x_wconf 83' lang='lat' dir='ltr'>est:</span> <span class='ocrx_word' id='word_1_112' title='bbox 3105 1864 3188 1946; x_wconf 83' lang='lat' dir='ltr'>sed</span> <span class='ocrx_word' id='word_1_113' title='bbox 3206 1885 3277 1941; x_wconf 81' lang='lat' dir='ltr'>et-</span> 
     </span>
     <span class='ocr_line' id='line_1_16' title="bbox 1150 1969 3285 2094; baseline -0.005 -31"><span class='ocrx_word' id='word_1_114' title='bbox 1150 1991 1310 2063; x_wconf 84' lang='lat' dir='ltr'>iam</span> <span class='ocrx_word' id='word_1_115' title='bbox 1356 1982 1571 2094; x_wconf 90' lang='lat' dir='ltr'>quod</span> <span class='ocrx_word' id='word_1_116' title='bbox 1607 1982 1966 2063; x_wconf 89' lang='lat' dir='ltr'>omnibus</span> <span class='ocrx_word' id='word_1_117' title='bbox 2002 1983 2342 2088; x_wconf 88' lang='lat' dir='ltr'>partibus</span> <span class='ocrx_word' id='word_1_118' title='bbox 2380 1982 2783 2090; x_wconf 87' lang='lat' dir='ltr'>insurgunt</span> <span class='ocrx_word' id='word_1_119' title='bbox 2806 1969 2937 2079; x_wconf 56' lang='lat' dir='ltr'>J&amp;</span> <span class='ocrx_word' id='word_1_120' title='bbox 2970 2011 3006 2063; x_wconf 91' lang='lat' dir='ltr'>a</span> <span class='ocrx_word' id='word_1_121' title='bbox 3047 1975 3285 2062; x_wconf 75' lang='lat' dir='ltr'>brevibus</span> 
     </span>
     <span class='ocr_line' id='line_1_17' title="bbox 1161 2087 3287 2205; baseline -0.003 -31"><span class='ocrx_word' id='word_1_122' title='bbox 1161 2098 1241 2174; x_wconf 89' lang='lat' dir='ltr'>in</span> <span class='ocrx_word' id='word_1_123' title='bbox 1282 2094 1550 2205; x_wconf 86' lang='lat' dir='ltr'>longas</span> <span class='ocrx_word' id='word_1_124' title='bbox 1582 2097 1934 2175; x_wconf 86' lang='lat' dir='ltr'>nituntur</span> <span class='ocrx_word' id='word_1_125' title='bbox 1968 2099 2045 2175; x_wconf 74' lang='grc' dir='ltr'>ὅ(</span> <span class='ocrx_word' id='word_1_126' title='bbox 2087 2092 2480 2174; x_wconf 86' lang='lat' dir='ltr'>crescunt:</span> <span class='ocrx_word' id='word_1_127' title='bbox 2519 2094 2854 2204; x_wconf 88' lang='lat' dir='ltr'>ideoque</span> <span class='ocrx_word' id='word_1_128' title='bbox 2875 2087 3287 2175; x_wconf 74' lang='lat' dir='ltr'>melici-escho-</span> 
     </span>
     <span class='ocr_line' id='line_1_18' title="bbox 1154 2199 3289 2317; baseline -0.002 -29"><span class='ocrx_word' id='word_1_129' title='bbox 1154 2209 1344 2301; x_wconf 85' lang='lat' dir='ltr'>reis,</span> <span class='ocrx_word' id='word_1_130' title='bbox 1395 2212 1533 2317; x_wconf 87' lang='lat' dir='ltr'>qui</span> <span class='ocrx_word' id='word_1_131' title='bbox 1563 2235 1608 2287; x_wconf 89' lang='lat' dir='ltr'>a</span> <span class='ocrx_word' id='word_1_132' title='bbox 1634 2207 1888 2313; x_wconf 88' lang='lat' dir='ltr'>longis</span> <span class='ocrx_word' id='word_1_133' title='bbox 1912 2209 1994 2284; x_wconf 88' lang='lat' dir='ltr'>in</span> <span class='ocrx_word' id='word_1_134' title='bbox 2018 2206 2287 2286; x_wconf 82' lang='lat' dir='ltr'>breves</span> <span class='ocrx_word' id='word_1_135' title='bbox 2310 2205 2622 2288; x_wconf 89' lang='lat' dir='ltr'>cadunt.</span> <span class='ocrx_word' id='word_1_136' title='bbox 2690 2199 3289 2312; x_wconf 61' lang='lat' dir='ltr'>submffiquafiain</span> 
     </span>
     <span class='ocr_line' id='line_1_19' title="bbox 1150 2311 3291 2426; baseline -0.001 -28"><span class='ocrx_word' id='word_1_137' title='bbox 1150 2319 1508 2426; x_wconf 83' lang='lat' dir='ltr'>epilogis,</span> <span class='ocrx_word' id='word_1_138' title='bbox 1544 2319 1793 2399; x_wconf 86' lang='lat' dir='ltr'>lentas</span> <span class='ocrx_word' id='word_1_139' title='bbox 1838 2324 1916 2399; x_wconf 85' lang='lat'>&amp;</span> <span class='ocrx_word' id='word_1_140' title='bbox 1948 2317 2133 2424; x_wconf 79' lang='lat' dir='ltr'>ipsa,</span> <span class='ocrx_word' id='word_1_141' title='bbox 2156 2323 2234 2397; x_wconf 89' lang='lat'>&amp;</span> <span class='ocrx_word' id='word_1_142' title='bbox 2268 2320 2530 2397; x_wconf 86' lang='lat' dir='ltr'>minus</span> <span class='ocrx_word' id='word_1_143' title='bbox 2561 2311 3291 2419; x_wconf 62' lang='lat' dir='ltr'>exclamantesexigtmt·</span> 
     </span>
     <span class='ocr_line' id='line_1_20' title="bbox 1151 2421 3291 2536; baseline -0.001 -27"><span class='ocrx_word' id='word_1_144' title='bbox 1151 2431 1349 2534; x_wconf 78' lang='lat' dir='ltr'>Vult</span> <span class='ocrx_word' id='word_1_145' title='bbox 1406 2430 1551 2512; x_wconf 76' lang='lat' dir='ltr'>esse</span> <span class='ocrx_word' id='word_1_146' title='bbox 1603 2429 1865 2512; x_wconf 71' lang='lat' dir='ltr'>Celsus</span> <span class='ocrx_word' id='word_1_147' title='bbox 1944 2428 2279 2536; x_wconf 80' lang='lat' dir='ltr'>aliquam</span> <span class='ocrx_word' id='word_1_148' title='bbox 2320 2434 2398 2510; x_wconf 74' lang='grc' dir='ltr'>δε</span> <span class='ocrx_word' id='word_1_149' title='bbox 2442 2428 2909 2535; x_wconf 84' lang='lat' dir='ltr'>superiorem</span> <span class='ocrx_word' id='word_1_150' title='bbox 2941 2421 3291 2532; x_wconf 84' lang='lat' dir='ltr'>composltio-</span> 
     </span>
     <span class='ocr_line' id='line_1_21' title="bbox 1154 2525 3296 2653; baseline -0.004 -32"><span class='ocrx_word' id='word_1_151' title='bbox 1154 2569 1385 2649; x_wconf 83' lang='lat' dir='ltr'>nem,</span> <span class='ocrx_word' id='word_1_152' title='bbox 1424 2572 1660 2653; x_wconf 88' lang='lat' dir='ltr'>quam</span> <span class='ocrx_word' id='word_1_153' title='bbox 1697 2542 1753 2622; x_wconf 82' lang='lat' dir='ltr'><strong>fi</strong></span> <span class='ocrx_word' id='word_1_154' title='bbox 1811 2540 2129 2649; x_wconf 89' lang='lat' dir='ltr'>quidem</span> <span class='ocrx_word' id='word_1_155' title='bbox 2180 2538 2541 2622; x_wconf 87' lang='lat' dir='ltr'>sciremus</span> <span class='ocrx_word' id='word_1_156' title='bbox 2574 2599 2609 2633; x_wconf 82' lang='lat'>,</span> <span class='ocrx_word' id='word_1_157' title='bbox 2642 2537 3057 2624; x_wconf 85' lang='lat' dir='ltr'>doceremus</span> <span class='ocrx_word' id='word_1_158' title='bbox 3080 2570 3095 2618; x_wconf 72' lang='grc' dir='ltr'>ε</span> <span class='ocrx_word' id='word_1_159' title='bbox 3118 2531 3207 2616; x_wconf 85' lang='lat' dir='ltr'>sed</span> <span class='ocrx_word' id='word_1_160' title='bbox 3238 2525 3296 2608; x_wconf 68' lang='lat' dir='ltr'>sit</span> 
     </span>
     <span class='ocr_line' id='line_1_22' title="bbox 1151 2649 3294 2762; baseline -0.006 -31"><span class='ocrx_word' id='word_1_161' title='bbox 1151 2654 1445 2734; x_wconf 75' lang='lat' dir='ltr'>necesse</span> <span class='ocrx_word' id='word_1_162' title='bbox 1486 2654 1596 2734; x_wconf 88' lang='lat' dir='ltr'>est</span> <span class='ocrx_word' id='word_1_163' title='bbox 1641 2653 1856 2762; x_wconf 86' lang='lat' dir='ltr'>tarda</span> <span class='ocrx_word' id='word_1_164' title='bbox 1887 2658 1969 2732; x_wconf 73' lang='grc' dir='ltr'>ὅ(</span> <span class='ocrx_word' id='word_1_165' title='bbox 2001 2653 2286 2758; x_wconf 83' lang='lat' dir='ltr'>supina.</span> <span class='ocrx_word' id='word_1_166' title='bbox 2398 2660 2704 2736; x_wconf 79' lang='lat' dir='ltr'>Verum</span> <span class='ocrx_word' id='word_1_167' title='bbox 2738 2655 2870 2734; x_wconf 87' lang='lat' dir='ltr'>nifi</span> <span class='ocrx_word' id='word_1_168' title='bbox 2909 2682 2994 2733; x_wconf 84' lang='lat' dir='ltr'>ex</span> <span class='ocrx_word' id='word_1_169' title='bbox 3021 2649 3203 2732; x_wconf 85' lang='lat' dir='ltr'>verbis</span> <span class='ocrx_word' id='word_1_170' title='bbox 3226 2662 3294 2718; x_wconf 84' lang='lat' dir='ltr'>at·</span> 
     </span>
     <span class='ocr_line' id='line_1_23' title="bbox 1156 2747 3297 2873; baseline -0.004 -27"><span class='ocrx_word' id='word_1_171' title='bbox 1156 2790 1315 2872; x_wconf 89' lang='lat' dir='ltr'>que</span> <span class='ocrx_word' id='word_1_172' title='bbox 1356 2764 1744 2845; x_wconf 85' lang='lat' dir='ltr'>sententiis</span> <span class='ocrx_word' id='word_1_173' title='bbox 1790 2791 1932 2871; x_wconf 91' lang='lat' dir='ltr'>per</span> <span class='ocrx_word' id='word_1_174' title='bbox 1977 2762 2127 2843; x_wconf 89' lang='lat' dir='ltr'>sese</span> <span class='ocrx_word' id='word_1_175' title='bbox 2164 2760 2247 2842; x_wconf 88' lang='lat' dir='ltr'>id</span> <span class='ocrx_word' id='word_1_176' title='bbox 2285 2767 2651 2873; x_wconf 84' lang='lat' dir='ltr'>quaeritur</span> <span class='ocrx_word' id='word_1_177' title='bbox 2717 2823 2742 2852; x_wconf 85' lang='lat'><em>,</em></span> <span class='ocrx_word' id='word_1_178' title='bbox 2796 2765 2951 2846; x_wconf 90' lang='lat' dir='ltr'>satis</span> <span class='ocrx_word' id='word_1_179' title='bbox 2987 2756 3191 2844; x_wconf 79' lang='lat' dir='ltr'>odiosa</span> <span class='ocrx_word' id='word_1_180' title='bbox 3205 2747 3297 2832; x_wconf 75' lang='lat' dir='ltr'>effe</span> 
     </span>
     <span class='ocr_line' id='line_1_24' title="bbox 1155 2874 3300 2987; baseline -0.004 -32"><span class='ocrx_word' id='word_1_181' title='bbox 1155 2902 1324 2977; x_wconf 82' lang='lat' dir='ltr'>non</span> <span class='ocrx_word' id='word_1_182' title='bbox 1365 2880 1680 2984; x_wconf 88' lang='lat' dir='ltr'>poterit.</span> <span class='ocrx_word' id='word_1_183' title='bbox 1701 2878 2090 2987; x_wconf 53' lang='lat' dir='ltr'>‚Denique</span> <span class='ocrx_word' id='word_1_184' title='bbox 2114 2931 2143 2966; x_wconf 85' lang='lat'>,</span> <span class='ocrx_word' id='word_1_185' title='bbox 2182 2896 2267 2955; x_wconf 89' lang='lat' dir='ltr'>ut</span> <span class='ocrx_word' id='word_1_186' title='bbox 2314 2874 2550 2955; x_wconf 89' lang='lat' dir='ltr'>semel</span> <span class='ocrx_word' id='word_1_187' title='bbox 2586 2877 2894 2970; x_wconf 85' lang='lat' dir='ltr'>finiam,</span> <span class='ocrx_word' id='word_1_188' title='bbox 2924 2874 3011 2957; x_wconf 85' lang='lat' dir='ltr'>fic</span> <span class='ocrx_word' id='word_1_189' title='bbox 3029 2874 3300 2954; x_wconf 83' lang='lat' dir='ltr'>ferecom·</span> 
     </span>
     <span class='ocr_line' id='line_1_25' title="bbox 1158 2983 3299 3096; baseline -0.002 -28"><span class='ocrx_word' id='word_1_190' title='bbox 1158 2987 1618 3094; x_wconf 89' lang='lat' dir='ltr'>ponendum</span> <span class='ocrx_word' id='word_1_191' title='bbox 1642 3044 1667 3078; x_wconf 83' lang='lat'>‚</span> <span class='ocrx_word' id='word_1_192' title='bbox 1718 2983 2131 3096; x_wconf 89' lang='lat' dir='ltr'>quomodo</span> <span class='ocrx_word' id='word_1_193' title='bbox 2164 2989 2839 3094; x_wconf 80' lang='lat' dir='ltr'>pronunciandum</span> <span class='ocrx_word' id='word_1_194' title='bbox 2872 2992 3023 3070; x_wconf 63' lang='lat' dir='ltr'>erit</span> <span class='ocrx_word' id='word_1_195' title='bbox 3093 2988 3299 3063; x_wconf 69' lang='lat' dir='ltr'>Annon</span> 
     </span>
     <span class='ocr_line' id='line_1_26' title="bbox 1161 3096 3298 3206; baseline -0.002 -29"><span class='ocrx_word' id='word_1_196' title='bbox 1161 3101 1250 3179; x_wconf 91' lang='lat' dir='ltr'>in</span> <span class='ocrx_word' id='word_1_197' title='bbox 1274 3104 1680 3204; x_wconf 84' lang='lat' dir='ltr'>prooemiis</span> <span class='ocrx_word' id='word_1_198' title='bbox 1724 3098 2190 3206; x_wconf 87' lang='lat' dir='ltr'>plerumque</span> <span class='ocrx_word' id='word_1_199' title='bbox 2233 3098 2602 3181; x_wconf 84' lang='lat' dir='ltr'>summiffi</span> <span class='ocrx_word' id='word_1_200' title='bbox 2652 3157 2685 3192; x_wconf 86' lang='lat'>,</span> <span class='ocrx_word' id='word_1_201' title='bbox 2712 3110 2773 3204; x_wconf 93' lang='lat'>·(</span> <span class='ocrx_word' id='word_1_202' title='bbox 2811 3099 2934 3183; x_wconf 83' lang='lat' dir='ltr'>nisl</span> <span class='ocrx_word' id='word_1_203' title='bbox 2965 3123 3115 3179; x_wconf 88' lang='lat' dir='ltr'>cum</span> <span class='ocrx_word' id='word_1_204' title='bbox 3144 3096 3202 3172; x_wconf 84' lang='lat' dir='ltr'>in</span> <span class='ocrx_word' id='word_1_205' title='bbox 3225 3109 3298 3163; x_wconf 77' lang='lat'>²0·</span> 
     </span>
     <span class='ocr_line' id='line_1_27' title="bbox 1157 3199 3298 3322; baseline -0.002 -33"><span class='ocrx_word' id='word_1_206' title='bbox 1157 3204 1542 3290; x_wconf 66' lang='lat' dir='ltr'>culatione</span> <span class='ocrx_word' id='word_1_207' title='bbox 1575 3208 2080 3291; x_wconf 86' lang='lat' dir='ltr'>concitandus</span> <span class='ocrx_word' id='word_1_208' title='bbox 2111 3208 2219 3287; x_wconf 89' lang='lat' dir='ltr'>est</span> <span class='ocrx_word' id='word_1_209' title='bbox 2250 3207 2516 3313; x_wconf 59' lang='lat' dir='ltr'>judex,</span> <span class='ocrx_word' id='word_1_210' title='bbox 2557 3235 2691 3294; x_wconf 82' lang='lat' dir='ltr'>aut</span> <span class='ocrx_word' id='word_1_211' title='bbox 2708 3214 2950 3322; x_wconf 83' lang='lat' dir='ltr'>aliqua</span> <span class='ocrx_word' id='word_1_212' title='bbox 2965 3199 3298 3311; x_wconf 42' lang='lat' dir='ltr'>indignatio*</span> 
     </span>
     <span class='ocr_line' id='line_1_28' title="bbox 1156 3300 3306 3431; baseline -0.004 -33"><span class='ocrx_word' id='word_1_213' title='bbox 1156 3347 1257 3398; x_wconf 90' lang='lat' dir='ltr'>ne</span> <span class='ocrx_word' id='word_1_214' title='bbox 1294 3320 1881 3426; x_wconf 86' lang='lat' dir='ltr'>compellendus</span> <span class='ocrx_word' id='word_1_215' title='bbox 1915 3325 1953 3419; x_wconf 94' lang='lat'><em>)</em></span> <span class='ocrx_word' id='word_1_216' title='bbox 2012 3325 2093 3400; x_wconf 85' lang='lat' dir='ltr'>in</span> <span class='ocrx_word' id='word_1_217' title='bbox 2115 3325 2551 3402; x_wconf 85' lang='lat' dir='ltr'>narratione</span> <span class='ocrx_word' id='word_1_218' title='bbox 2587 3326 2796 3431; x_wconf 85' lang='lat' dir='ltr'>pleni</span> <span class='ocrx_word' id='word_1_219' title='bbox 2832 3347 3034 3430; x_wconf 89' lang='lat' dir='ltr'>atque</span> <span class='ocrx_word' id='word_1_220' title='bbox 3063 3300 3306 3419; x_wconf 64' lang='lat' dir='ltr'>api-effi»</span> 
     </span>
     <span class='ocr_line' id='line_1_29' title="bbox 1167 3420 3302 3540; baseline -0.004 -29"><span class='ocrx_word' id='word_1_221' title='bbox 1167 3433 1252 3511; x_wconf 84' lang='lat' dir='ltr'>in</span> <span class='ocrx_word' id='word_1_222' title='bbox 1282 3438 1756 3538; x_wconf 84' lang='lat' dir='ltr'>argumentis</span> <span class='ocrx_word' id='word_1_223' title='bbox 1782 3436 1996 3512; x_wconf 83' lang='lat' dir='ltr'>citati</span> <span class='ocrx_word' id='word_1_224' title='bbox 2061 3488 2085 3516; x_wconf 84' lang='lat'>‚</span> <span class='ocrx_word' id='word_1_225' title='bbox 2160 3426 2391 3538; x_wconf 87' lang='lat' dir='ltr'>atque</span> <span class='ocrx_word' id='word_1_226' title='bbox 2433 3435 2599 3540; x_wconf 91' lang='lat' dir='ltr'>ipso</span> <span class='ocrx_word' id='word_1_227' title='bbox 2631 3440 2865 3515; x_wconf 85' lang='lat' dir='ltr'>etiam</span> <span class='ocrx_word' id='word_1_228' title='bbox 2896 3455 3085 3515; x_wconf 86' lang='lat' dir='ltr'>motu</span> <span class='ocrx_word' id='word_1_229' title='bbox 3113 3420 3302 3505; x_wconf 65' lang='lat' dir='ltr'>celeres</span> 
     </span>
     <span class='ocr_line' id='line_1_30' title="bbox 1169 3536 3305 3651; baseline -0.002 -30"><span class='ocrx_word' id='word_1_230' title='bbox 1169 3539 1428 3623; x_wconf 89' lang='lat' dir='ltr'>sumus</span> <span class='ocrx_word' id='word_1_231' title='bbox 1451 3550 1493 3623; x_wconf 65' lang='grc' dir='ltr'><em>ἓ</em></span> <span class='ocrx_word' id='word_1_232' title='bbox 1534 3547 1718 3625; x_wconf 90' lang='lat' dir='ltr'>utin</span> <span class='ocrx_word' id='word_1_233' title='bbox 1746 3543 1939 3624; x_wconf 86' lang='lat' dir='ltr'>locis</span> <span class='ocrx_word' id='word_1_234' title='bbox 1987 3570 2075 3624; x_wconf 88' lang='lat' dir='ltr'>ac</span> <span class='ocrx_word' id='word_1_235' title='bbox 2116 3540 2746 3651; x_wconf 83' lang='lat' dir='ltr'>descriptionibus</span> <span class='ocrx_word' id='word_1_236' title='bbox 2776 3546 2914 3628; x_wconf 77' lang='lat' dir='ltr'>fusi</span> <span class='ocrx_word' id='word_1_237' title='bbox 2944 3570 3019 3625; x_wconf 90' lang='lat' dir='ltr'>ac</span> <span class='ocrx_word' id='word_1_238' title='bbox 3063 3536 3305 3618; x_wconf 64' lang='lat' dir='ltr'>fluentes</span> 
     </span>
     <span class='ocr_line' id='line_1_31' title="bbox 1171 3650 3301 3767; baseline 0 -32"><span class='ocrx_word' id='word_1_239' title='bbox 1171 3655 1255 3735; x_wconf 83' lang='lat' dir='ltr'>in</span> <span class='ocrx_word' id='word_1_240' title='bbox 1297 3653 1620 3762; x_wconf 84' lang='lat' dir='ltr'>epilogis</span> <span class='ocrx_word' id='word_1_241' title='bbox 1643 3655 2101 3767; x_wconf 83' lang='lat' dir='ltr'>plerumque</span> <span class='ocrx_word' id='word_1_242' title='bbox 2122 3651 2397 3746; x_wconf 63' lang='lat' dir='ltr'>deiecti</span> <span class='ocrx_word' id='word_1_243' title='bbox 2417 3663 2494 3740; x_wconf 69' lang='grc' dir='ltr'>ὅ(</span> <span class='ocrx_word' id='word_1_244' title='bbox 2515 3650 2861 3753; x_wconf 69' lang='lat' dir='ltr'>infr-affl!</span> <span class='ocrx_word' id='word_1_245' title='bbox 2900 3652 3301 3765; x_wconf 61' lang='lat' dir='ltr'>Atquicorpst</span> 
     </span>
     <span class='ocr_line' id='line_1_32' title="bbox 1170 3750 3301 3880; baseline 0.006 -37"><span class='ocrx_word' id='word_1_246' title='bbox 1170 3765 1274 3843; x_wconf 84' lang='lat' dir='ltr'>ris</span> <span class='ocrx_word' id='word_1_247' title='bbox 1308 3791 1623 3874; x_wconf 88' lang='lat' dir='ltr'>quoque</span> <span class='ocrx_word' id='word_1_248' title='bbox 1659 3770 1916 3848; x_wconf 90' lang='lat' dir='ltr'>motui</span> <span class='ocrx_word' id='word_1_249' title='bbox 1959 3767 2085 3847; x_wconf 91' lang='lat' dir='ltr'>sua</span> <span class='ocrx_word' id='word_1_250' title='bbox 2123 3750 2479 3875; x_wconf 82' lang='lat' dir='ltr'>quaedam&#39;</span> <span class='ocrx_word' id='word_1_251' title='bbox 2507 3791 2861 3880; x_wconf 79' lang='lat' dir='ltr'>tempora</span> <span class='ocrx_word' id='word_1_252' title='bbox 2889 3824 2914 3861; x_wconf 85' lang='lat'>‚</span> <span class='ocrx_word' id='word_1_253' title='bbox 2969 3772 3039 3847; x_wconf 75' lang='grc' dir='ltr'>ὅ(</span> <span class='ocrx_word' id='word_1_254' title='bbox 3075 3757 3150 3841; x_wconf 69' lang='lat' dir='ltr'>ad</span> <span class='ocrx_word' id='word_1_255' title='bbox 3172 3752 3301 3876; x_wconf 62' lang='lat' dir='ltr'>fissfl&#39;</span> 
     </span>
     <span class='ocr_line' id='line_1_33' title="bbox 1135 3873 3126 3997; baseline 0.005 -13"><span class='ocrx_word' id='word_1_256' title='bbox 1135 3874 1465 3986; x_wconf 60' lang='lat' dir='ltr'>vedum,</span> <span class='ocrx_word' id='word_1_257' title='bbox 1512 3904 1680 3988; x_wconf 60' lang='grc' dir='ltr'>ρῳ]</span> <span class='ocrx_word' id='word_1_258' title='bbox 1747 3882 2010 3993; x_wconf 59' lang='lat' dir='ltr'>{ninus</span> <span class='ocrx_word' id='word_1_259' title='bbox 2061 3877 2445 3997; x_wconf 55' lang='lat' dir='ltr'>‚salassus</span> <span class='ocrx_word' id='word_1_260' title='bbox 2503 3909 2745 3996; x_wconf 66' lang='lat' dir='ltr'>quasa</span> <span class='ocrx_word' id='word_1_261' title='bbox 2770 3873 3126 3993; x_wconf 58' lang='lat' dir='ltr'>andQ</span> 
     </span>
    </p>
   </div>
   <div class='ocr_carea' id='block_1_3' title="bbox 3212 3958 3299 4067">
    <p class='ocr_par' dir='ltr' id='par_1_3' title="bbox 3212 3958 3299 4067">
     <span class='ocr_line' id='line_1_34' title="bbox 3212 3958 3299 4067; baseline 0 -6"><span class='ocrx_word' id='word_1_262' title='bbox 3212 3958 3299 4067; x_wconf 64' lang='lat' dir='ltr'>ul:</span> 
     </span>
    </p>
   </div>
  </div>
 </body>
</html>
