<?xml version="1.0" encoding="UTF-8"?>
<!DOCTYPE html PUBLIC "-//W3C//DTD XHTML 1.0 Transitional//EN"
    "http://www.w3.org/TR/xhtml1/DTD/xhtml1-transitional.dtd">
<html xmlns="http://www.w3.org/1999/xhtml" xml:lang="en" lang="en">
 <head>
  <title>
</title>
<meta http-equiv="Content-Type" content="text/html;charset=utf-8" />
  <meta name='ocr-system' content='tesseract 3.04.00' />
  <meta name='ocr-capabilities' content='ocr_page ocr_carea ocr_par ocr_line ocrx_word'/>
</head>
<body>
  <div class='ocr_page' id='page_1' title='image "./deinstitutioneo00obregoog_0412.png"; bbox 0 0 3557 5113; ppageno 0'>
   <div class='ocr_carea' id='block_1_1' title="bbox 727 259 3125 415">
    <p class='ocr_par' dir='ltr' id='par_1_1' title="bbox 727 259 3125 415">
     <span class='ocr_line' id='line_1_1' title="bbox 727 259 3125 415; baseline -0.009 -22"><span class='ocrx_word' id='word_1_1' title='bbox 727 276 985 406; x_wconf 62' lang='lat'>³268</span> <span class='ocrx_word' id='word_1_2' title='bbox 1185 274 1222 415; x_wconf 72' lang='lat' dir='ltr'>j</span> <span class='ocrx_word' id='word_1_3' title='bbox 1307 268 1497 386; x_wconf 71' lang='lat' dir='ltr'>M.</span> <span class='ocrx_word' id='word_1_4' title='bbox 1609 272 1980 381; x_wconf 70' lang='lat' dir='ltr'>FAan</span> <span class='ocrx_word' id='word_1_5' title='bbox 2141 259 3125 407; x_wconf 66' lang='lat' dir='ltr'>Qincritmm</span> 
     </span>
    </p>
   </div>
   <div class='ocr_carea' id='block_1_2' title="bbox 647 554 3409 4136">
    <p class='ocr_par' dir='ltr' id='par_1_2' title="bbox 647 554 3409 4136">
     <span class='ocr_line' id='line_1_2' title="bbox 647 554 3362 667; baseline -0.001 -26"><span class='ocrx_word' id='word_1_6' title='bbox 647 561 783 665; x_wconf 64' lang='lat' dir='ltr'>sca</span> <span class='ocrx_word' id='word_1_7' title='bbox 808 570 1052 659; x_wconf 71' lang='lat' dir='ltr'>1¹,V1L</span> <span class='ocrx_word' id='word_1_8' title='bbox 1082 557 1182 649; x_wconf 87' lang='lat' dir='ltr'>ad</span> <span class='ocrx_word' id='word_1_9' title='bbox 1236 562 1388 641; x_wconf 88' lang='lat' dir='ltr'>hoc</span> <span class='ocrx_word' id='word_1_10' title='bbox 1444 555 1658 667; x_wconf 92' lang='lat' dir='ltr'>quod</span> <span class='ocrx_word' id='word_1_11' title='bbox 1710 555 1882 640; x_wconf 84' lang='lat' dir='ltr'>casu</span> <span class='ocrx_word' id='word_1_12' title='bbox 1933 554 2107 638; x_wconf 90' lang='lat' dir='ltr'>fieri</span> <span class='ocrx_word' id='word_1_13' title='bbox 2170 554 2410 647; x_wconf 87' lang='lat' dir='ltr'>solet,</span> <span class='ocrx_word' id='word_1_14' title='bbox 2467 560 2706 638; x_wconf 85' lang='lat' dir='ltr'>etiam</span> <span class='ocrx_word' id='word_1_15' title='bbox 2757 557 3057 636; x_wconf 87' lang='lat' dir='ltr'>ratione</span> <span class='ocrx_word' id='word_1_16' title='bbox 3105 554 3362 662; x_wconf 85' lang='lat' dir='ltr'>perdu-</span> 
     </span>
     <span class='ocr_line' id='line_1_3' title="bbox 1083 666 3360 781; baseline -0.004 -25"><span class='ocrx_word' id='word_1_17' title='bbox 1083 696 1226 756; x_wconf 84' lang='lat' dir='ltr'>cet.</span> <span class='ocrx_word' id='word_1_18' title='bbox 1324 676 1556 757; x_wconf 84' lang='lat' dir='ltr'>Extra</span> <span class='ocrx_word' id='word_1_19' title='bbox 1598 671 1898 756; x_wconf 84' lang='lat' dir='ltr'>causam</span> <span class='ocrx_word' id='word_1_20' title='bbox 1935 696 2249 781; x_wconf 88' lang='lat' dir='ltr'>quoque</span> <span class='ocrx_word' id='word_1_21' title='bbox 2289 666 2535 749; x_wconf 88' lang='lat' dir='ltr'>multa</span> <span class='ocrx_word' id='word_1_22' title='bbox 2570 695 2742 775; x_wconf 79' lang='lat' dir='ltr'>quae</span> <span class='ocrx_word' id='word_1_23' title='bbox 2781 667 3118 774; x_wconf 72' lang='lat' dir='ltr'>prosint,</span> <span class='ocrx_word' id='word_1_24' title='bbox 3163 696 3360 775; x_wconf 84' lang='lat' dir='ltr'>roga-</span> 
     </span>
     <span class='ocr_line' id='line_1_4' title="bbox 1081 778 3362 888; baseline -0.003 -22"><span class='ocrx_word' id='word_1_25' title='bbox 1081 791 1152 874; x_wconf 81' lang='lat' dir='ltr'>ri</span> <span class='ocrx_word' id='word_1_26' title='bbox 1190 784 1437 867; x_wconf 88' lang='lat' dir='ltr'>solent</span> <span class='ocrx_word' id='word_1_27' title='bbox 1475 840 1501 878; x_wconf 82' lang='lat'>,</span> <span class='ocrx_word' id='word_1_28' title='bbox 1558 781 1654 863; x_wconf 90' lang='lat' dir='ltr'>de</span> <span class='ocrx_word' id='word_1_29' title='bbox 1696 785 1857 865; x_wconf 84' lang='lat' dir='ltr'>vita</span> <span class='ocrx_word' id='word_1_30' title='bbox 1898 783 2208 863; x_wconf 86' lang='lat' dir='ltr'>testium</span> <span class='ocrx_word' id='word_1_31' title='bbox 2247 782 2581 863; x_wconf 88' lang='lat' dir='ltr'>aliorum</span> <span class='ocrx_word' id='word_1_32' title='bbox 2619 834 2642 871; x_wconf 89' lang='lat'>‚</span> <span class='ocrx_word' id='word_1_33' title='bbox 2707 778 2807 859; x_wconf 90' lang='lat' dir='ltr'>de</span> <span class='ocrx_word' id='word_1_34' title='bbox 2854 780 2979 860; x_wconf 86' lang='lat' dir='ltr'>sua</span> <span class='ocrx_word' id='word_1_35' title='bbox 3023 779 3362 888; x_wconf 84' lang='lat' dir='ltr'>quisque,</span> 
     </span>
     <span class='ocr_line' id='line_1_5' title="bbox 1085 888 3362 1007; baseline -0.004 -29"><span class='ocrx_word' id='word_1_36' title='bbox 1085 898 1147 978; x_wconf 83' lang='lat' dir='ltr'><strong>fi</strong></span> <span class='ocrx_word' id='word_1_37' title='bbox 1185 894 1636 1007; x_wconf 57' lang='lat' dir='ltr'>turpitudo,</span> <span class='ocrx_word' id='word_1_38' title='bbox 1687 893 1743 975; x_wconf 83' lang='lat' dir='ltr'><strong>fi</strong></span> <span class='ocrx_word' id='word_1_39' title='bbox 1792 894 2232 984; x_wconf 81' lang='lat' dir='ltr'>humilitas,</span> <span class='ocrx_word' id='word_1_40' title='bbox 2284 891 2340 974; x_wconf 88' lang='lat' dir='ltr'>fi</span> <span class='ocrx_word' id='word_1_41' title='bbox 2380 894 2717 971; x_wconf 88' lang='lat' dir='ltr'>amicitia</span> <span class='ocrx_word' id='word_1_42' title='bbox 2778 890 3259 980; x_wconf 88' lang='lat' dir='ltr'>accusatoris,</span> <span class='ocrx_word' id='word_1_43' title='bbox 3313 888 3362 970; x_wconf 85' lang='lat' dir='ltr'>fi</span> 
     </span>
     <span class='ocr_line' id='line_1_6' title="bbox 1088 999 3360 1112; baseline -0.006 -17"><span class='ocrx_word' id='word_1_44' title='bbox 1088 1011 1516 1095; x_wconf 79' lang='lat' dir='ltr'>inimicitiae</span> <span class='ocrx_word' id='word_1_45' title='bbox 1571 1034 1755 1088; x_wconf 89' lang='lat' dir='ltr'>cum</span> <span class='ocrx_word' id='word_1_46' title='bbox 1814 1033 2012 1087; x_wconf 84' lang='lat' dir='ltr'>reo:</span> <span class='ocrx_word' id='word_1_47' title='bbox 2098 1010 2179 1084; x_wconf 89' lang='lat' dir='ltr'>in</span> <span class='ocrx_word' id='word_1_48' title='bbox 2240 1006 2513 1112; x_wconf 88' lang='lat' dir='ltr'>quibus</span> <span class='ocrx_word' id='word_1_49' title='bbox 2569 1025 2699 1082; x_wconf 90' lang='lat' dir='ltr'>aut</span> <span class='ocrx_word' id='word_1_50' title='bbox 2763 1001 3023 1084; x_wconf 88' lang='lat' dir='ltr'>dicant</span> <span class='ocrx_word' id='word_1_51' title='bbox 3091 999 3360 1110; x_wconf 86' lang='lat' dir='ltr'>aliquid</span> 
     </span>
     <span class='ocr_line' id='line_1_7' title="bbox 1088 1112 3365 1224; baseline -0.004 -24"><span class='ocrx_word' id='word_1_52' title='bbox 1088 1119 1308 1221; x_wconf 73' lang='lat' dir='ltr'>&#39;quod</span> <span class='ocrx_word' id='word_1_53' title='bbox 1357 1117 1638 1224; x_wconf 85' lang='lat' dir='ltr'>profit,</span> <span class='ocrx_word' id='word_1_54' title='bbox 1696 1139 1825 1201; x_wconf 85' lang='lat' dir='ltr'>aut</span> <span class='ocrx_word' id='word_1_55' title='bbox 1869 1121 1950 1200; x_wconf 88' lang='lat' dir='ltr'>in</span> <span class='ocrx_word' id='word_1_56' title='bbox 1986 1114 2395 1197; x_wconf 88' lang='lat' dir='ltr'>mendacio</span> <span class='ocrx_word' id='word_1_57' title='bbox 2430 1115 2555 1195; x_wconf 85' lang='lat' dir='ltr'>vel</span> <span class='ocrx_word' id='word_1_58' title='bbox 2596 1113 3019 1221; x_wconf 84' lang='lat' dir='ltr'>eupiditate</span> <span class='ocrx_word' id='word_1_59' title='bbox 3059 1112 3365 1195; x_wconf 68' lang='lat' dir='ltr'>laedendi</span> 
     </span>
     <span class='ocr_line' id='line_1_8' title="bbox 1082 1224 3368 1343; baseline -0.005 -28"><span class='ocrx_word' id='word_1_60' title='bbox 1082 1230 1788 1343; x_wconf 74' lang='lat' dir='ltr'>deprehendantur.</span> <span class='ocrx_word' id='word_1_61' title='bbox 1946 1227 2092 1310; x_wconf 86' lang='lat' dir='ltr'>Sed</span> <span class='ocrx_word' id='word_1_62' title='bbox 2138 1230 2497 1337; x_wconf 78' lang='lat' dir='ltr'>inprimis</span> <span class='ocrx_word' id='word_1_63' title='bbox 2579 1229 3087 1334; x_wconf 86' lang='lat' dir='ltr'>interrogatio</span> <span class='ocrx_word' id='word_1_64' title='bbox 3162 1224 3368 1306; x_wconf 89' lang='lat' dir='ltr'>debet</span> 
     </span>
     <span class='ocr_line' id='line_1_9' title="bbox 1090 1341 3362 1453; baseline -0.003 -29"><span class='ocrx_word' id='word_1_65' title='bbox 1090 1345 1239 1424; x_wconf 85' lang='lat' dir='ltr'>esse</span> <span class='ocrx_word' id='word_1_66' title='bbox 1284 1341 1873 1453; x_wconf 69' lang='lat' dir='ltr'>circumspecta,</span> <span class='ocrx_word' id='word_1_67' title='bbox 1921 1344 2101 1448; x_wconf 91' lang='lat' dir='ltr'>quia</span> <span class='ocrx_word' id='word_1_68' title='bbox 2141 1341 2387 1422; x_wconf 89' lang='lat' dir='ltr'>multa</span> <span class='ocrx_word' id='word_1_69' title='bbox 2433 1361 2703 1420; x_wconf 90' lang='lat' dir='ltr'>contra</span> <span class='ocrx_word' id='word_1_70' title='bbox 2742 1361 3113 1444; x_wconf 85' lang='lat' dir='ltr'>patronos</span> <span class='ocrx_word' id='word_1_71' title='bbox 3149 1364 3362 1420; x_wconf 84' lang='lat' dir='ltr'>venu-</span> 
     </span>
     <span class='ocr_line' id='line_1_10' title="bbox 1095 1450 3363 1562; baseline -0.006 -23"><span class='ocrx_word' id='word_1_72' title='bbox 1095 1456 1206 1539; x_wconf 81' lang='lat' dir='ltr'>ste</span> <span class='ocrx_word' id='word_1_73' title='bbox 1238 1453 1441 1538; x_wconf 88' lang='lat' dir='ltr'>testis</span> <span class='ocrx_word' id='word_1_74' title='bbox 1469 1453 1666 1562; x_wconf 71' lang='lat' dir='ltr'>&#39;saepe</span> <span class='ocrx_word' id='word_1_75' title='bbox 1709 1450 2169 1560; x_wconf 79' lang='lat' dir='ltr'>respondet,</span> <span class='ocrx_word' id='word_1_76' title='bbox 2233 1455 2456 1559; x_wconf 88' lang='lat' dir='ltr'>eique</span> <span class='ocrx_word' id='word_1_77' title='bbox 2493 1453 2876 1559; x_wconf 86' lang='lat' dir='ltr'>praecipue</span> <span class='ocrx_word' id='word_1_78' title='bbox 2908 1450 3149 1557; x_wconf 86' lang='lat' dir='ltr'>vulgo</span> <span class='ocrx_word' id='word_1_79' title='bbox 3182 1450 3363 1529; x_wconf 82' lang='lat' dir='ltr'>fave·</span> 
     </span>
     <span class='ocr_line' id='line_1_11' title="bbox 1094 1561 3364 1673; baseline -0.003 -28"><span class='ocrx_word' id='word_1_80' title='bbox 1094 1588 1240 1647; x_wconf 87' lang='lat' dir='ltr'>tur.</span> <span class='ocrx_word' id='word_1_81' title='bbox 1320 1568 1529 1650; x_wconf 84' lang='lat' dir='ltr'>Tum</span> <span class='ocrx_word' id='word_1_82' title='bbox 1566 1565 1815 1673; x_wconf 81' lang='lat' dir='ltr'>verbis</span> <span class='ocrx_word' id='word_1_83' title='bbox 1853 1590 2088 1673; x_wconf 87' lang='lat' dir='ltr'>quam</span> <span class='ocrx_word' id='word_1_84' title='bbox 2120 1567 2464 1644; x_wconf 87' lang='lat' dir='ltr'>maxime</span> <span class='ocrx_word' id='word_1_85' title='bbox 2521 1589 2619 1642; x_wconf 89' lang='lat' dir='ltr'>ex</span> <span class='ocrx_word' id='word_1_86' title='bbox 2652 1561 2915 1641; x_wconf 89' lang='lat' dir='ltr'>medio</span> <span class='ocrx_word' id='word_1_87' title='bbox 2961 1561 3252 1642; x_wconf 85' lang='lat' dir='ltr'>sumtis:</span> <span class='ocrx_word' id='word_1_88' title='bbox 3284 1574 3364 1639; x_wconf 76' lang='lat' dir='ltr'>‘ut</span> 
     </span>
     <span class='ocr_line' id='line_1_12' title="bbox 1095 1671 3365 1786; baseline -0.002 -30"><span class='ocrx_word' id='word_1_89' title='bbox 1095 1682 1233 1786; x_wconf 85' lang='lat' dir='ltr'>qui</span> <span class='ocrx_word' id='word_1_90' title='bbox 1269 1697 1585 1785; x_wconf 89' lang='lat' dir='ltr'>rogatur</span> <span class='ocrx_word' id='word_1_91' title='bbox 1643 1678 1755 1768; x_wconf 90' lang='lat' dir='ltr'>(is</span> <span class='ocrx_word' id='word_1_92' title='bbox 1810 1696 2073 1756; x_wconf 86' lang='lat' dir='ltr'>autem</span> <span class='ocrx_word' id='word_1_93' title='bbox 2127 1674 2237 1754; x_wconf 90' lang='lat' dir='ltr'>est</span> <span class='ocrx_word' id='word_1_94' title='bbox 2283 1673 2546 1782; x_wconf 81' lang='lat' dir='ltr'>saepius</span> <span class='ocrx_word' id='word_1_95' title='bbox 2595 1676 3041 1781; x_wconf 87' lang='lat' dir='ltr'>imperitus)</span> <span class='ocrx_word' id='word_1_96' title='bbox 3104 1671 3365 1753; x_wconf 86' lang='lat' dir='ltr'>intelli-</span> 
     </span>
     <span class='ocr_line' id='line_1_13' title="bbox 1095 1783 3366 1896; baseline -0.001 -30"><span class='ocrx_word' id='word_1_97' title='bbox 1095 1810 1228 1896; x_wconf 86' lang='lat' dir='ltr'>gat</span> <span class='ocrx_word' id='word_1_98' title='bbox 1253 1844 1280 1880; x_wconf 89' lang='lat'>,</span> <span class='ocrx_word' id='word_1_99' title='bbox 1321 1809 1449 1871; x_wconf 89' lang='lat' dir='ltr'>aut</span> <span class='ocrx_word' id='word_1_100' title='bbox 1496 1815 1594 1868; x_wconf 88' lang='lat' dir='ltr'>ne</span> <span class='ocrx_word' id='word_1_101' title='bbox 1630 1783 2062 1894; x_wconf 89' lang='lat' dir='ltr'>intelligere</span> <span class='ocrx_word' id='word_1_102' title='bbox 2095 1784 2169 1865; x_wconf 89' lang='lat' dir='ltr'>se</span> <span class='ocrx_word' id='word_1_103' title='bbox 2219 1807 2493 1894; x_wconf 88' lang='lat' dir='ltr'>neget:</span> <span class='ocrx_word' id='word_1_104' title='bbox 2577 1785 2790 1894; x_wconf 90' lang='lat' dir='ltr'>quod</span> <span class='ocrx_word' id='word_1_105' title='bbox 2842 1786 3366 1893; x_wconf 80' lang='lat' dir='ltr'>interrogantis</span> 
     </span>
     <span class='ocr_line' id='line_1_14' title="bbox 1095 1896 3363 2086; baseline -0.002 -109"><span class='ocrx_word' id='word_1_106' title='bbox 1095 1926 1260 1977; x_wconf 89' lang='lat' dir='ltr'>non</span> <span class='ocrx_word' id='word_1_107' title='bbox 1301 1899 1472 1979; x_wconf 84' lang='lat' dir='ltr'>leve</span> <span class='ocrx_word' id='word_1_108' title='bbox 1508 1896 1748 2007; x_wconf 88' lang='lat' dir='ltr'>frigus</span> <span class='ocrx_word' id='word_1_109' title='bbox 1785 1896 1916 1976; x_wconf 89' lang='lat' dir='ltr'>est.</span> <span class='ocrx_word' id='word_1_110' title='bbox 2002 1896 2158 1978; x_wconf 75' lang='lat' dir='ltr'>111ae</span> <span class='ocrx_word' id='word_1_111' title='bbox 2197 1925 2388 1981; x_wconf 89' lang='lat' dir='ltr'>vero</span> <span class='ocrx_word' id='word_1_112' title='bbox 2434 1896 2778 2086; x_wconf 66' lang='lat' dir='ltr'>pefflmae</span> <span class='ocrx_word' id='word_1_113' title='bbox 2821 1918 3062 1989; x_wconf 85' lang='lat' dir='ltr'>artes,</span> <span class='ocrx_word' id='word_1_114' title='bbox 3113 1896 3363 1977; x_wconf 89' lang='lat' dir='ltr'>testem</span> 
     </span>
     <span class='ocr_line' id='line_1_15' title="bbox 1091 2006 3361 2100; baseline -0.002 -12"><span class='ocrx_word' id='word_1_115' title='bbox 1091 2009 1595 2095; x_wconf 86' lang='lat' dir='ltr'>subornatum</span> <span class='ocrx_word' id='word_1_116' title='bbox 1647 2013 1728 2089; x_wconf 88' lang='lat' dir='ltr'>in</span> <span class='ocrx_word' id='word_1_117' title='bbox 1786 2007 2129 2091; x_wconf 88' lang='lat' dir='ltr'>subsellia</span> <span class='ocrx_word' id='word_1_118' title='bbox 2194 2006 2429 2090; x_wconf 84' lang='lat' dir='ltr'>adver</span> <span class='ocrx_word' id='word_1_119' title='bbox 2461 2011 2598 2090; x_wconf 88' lang='lat' dir='ltr'>arii</span> <span class='ocrx_word' id='word_1_120' title='bbox 2653 2013 2962 2089; x_wconf 85' lang='lat' dir='ltr'>mittere</span> <span class='ocrx_word' id='word_1_121' title='bbox 2989 2066 3017 2100; x_wconf 77' lang='lat'>,</span> <span class='ocrx_word' id='word_1_122' title='bbox 3068 2032 3152 2089; x_wconf 90' lang='lat' dir='ltr'>ut</span> <span class='ocrx_word' id='word_1_123' title='bbox 3205 2006 3361 2085; x_wconf 84' lang='lat' dir='ltr'>inde</span> 
     </span>
     <span class='ocr_line' id='line_1_16' title="bbox 1089 2119 3363 2231; baseline -0.003 -26"><span class='ocrx_word' id='word_1_124' title='bbox 1089 2124 1461 2205; x_wconf 81' lang='lat' dir='ltr'>excitatus</span> <span class='ocrx_word' id='word_1_125' title='bbox 1494 2121 1666 2231; x_wconf 87' lang='lat' dir='ltr'>plus</span> <span class='ocrx_word' id='word_1_126' title='bbox 1700 2142 1976 2201; x_wconf 88' lang='lat' dir='ltr'>noceat</span> <span class='ocrx_word' id='word_1_127' title='bbox 1998 2179 2019 2206; x_wconf 92' lang='lat'>,</span> <span class='ocrx_word' id='word_1_128' title='bbox 2074 2119 2201 2205; x_wconf 81' lang='lat' dir='ltr'>vel</span> <span class='ocrx_word' id='word_1_129' title='bbox 2233 2119 2566 2202; x_wconf 86' lang='lat' dir='ltr'>dicendo</span> <span class='ocrx_word' id='word_1_130' title='bbox 2603 2142 2873 2203; x_wconf 90' lang='lat' dir='ltr'>contra</span> <span class='ocrx_word' id='word_1_131' title='bbox 2906 2150 3167 2206; x_wconf 82' lang='lat' dir='ltr'>reum,</span> <span class='ocrx_word' id='word_1_132' title='bbox 3203 2145 3363 2199; x_wconf 87' lang='lat' dir='ltr'>cum</span> 
     </span>
     <span class='ocr_line' id='line_1_17' title="bbox 1089 2231 3362 2341; baseline -0.002 -27"><span class='ocrx_word' id='word_1_133' title='bbox 1089 2260 1250 2341; x_wconf 88' lang='lat' dir='ltr'>quo</span> <span class='ocrx_word' id='word_1_134' title='bbox 1287 2232 1604 2326; x_wconf 77' lang='lat' dir='ltr'>sederit3</span> <span class='ocrx_word' id='word_1_135' title='bbox 1667 2232 1794 2312; x_wconf 88' lang='lat' dir='ltr'>vel</span> <span class='ocrx_word' id='word_1_136' title='bbox 1842 2258 2021 2313; x_wconf 90' lang='lat' dir='ltr'>cum</span> <span class='ocrx_word' id='word_1_137' title='bbox 2054 2231 2412 2333; x_wconf 82' lang='lat' dir='ltr'>adjuviffe</span> <span class='ocrx_word' id='word_1_138' title='bbox 2450 2231 2898 2314; x_wconf 87' lang='lat' dir='ltr'>testimonio</span> <span class='ocrx_word' id='word_1_139' title='bbox 2953 2232 3362 2321; x_wconf 83' lang='lat' dir='ltr'>videbitur,</span> 
     </span>
     <span class='ocr_line' id='line_1_18' title="bbox 1076 2340 3360 2454; baseline -0.001 -28"><span class='ocrx_word' id='word_1_140' title='bbox 1076 2342 1439 2426; x_wconf 86' lang='lat' dir='ltr'>faciendo</span> <span class='ocrx_word' id='word_1_141' title='bbox 1486 2371 1582 2424; x_wconf 83' lang='lat' dir='ltr'>ex</span> <span class='ocrx_word' id='word_1_142' title='bbox 1622 2342 1986 2434; x_wconf 74' lang='lat' dir='ltr'>industria</span> <span class='ocrx_word' id='word_1_143' title='bbox 2022 2344 2266 2423; x_wconf 89' lang='lat' dir='ltr'>multa</span> <span class='ocrx_word' id='word_1_144' title='bbox 2311 2340 2774 2423; x_wconf 87' lang='lat' dir='ltr'>immodeste</span> <span class='ocrx_word' id='word_1_145' title='bbox 2813 2365 3046 2454; x_wconf 89' lang='lat' dir='ltr'>atque</span> <span class='ocrx_word' id='word_1_146' title='bbox 3103 2356 3360 2445; x_wconf 64' lang='lat' dir='ltr'>intern-</span> 
     </span>
     <span class='ocr_line' id='line_1_19' title="bbox 1078 2452 3363 2645; baseline -0 -112"><span class='ocrx_word' id='word_1_147' title='bbox 1078 2478 1480 2563; x_wconf 85' lang='lat' dir='ltr'>peranter,</span> <span class='ocrx_word' id='word_1_148' title='bbox 1549 2483 1687 2564; x_wconf 88' lang='lat' dir='ltr'>per</span> <span class='ocrx_word' id='word_1_149' title='bbox 1783 2481 1954 2645; x_wconf 52' lang='lat' dir='ltr'>3⁰ae</span> <span class='ocrx_word' id='word_1_150' title='bbox 2058 2482 2221 2536; x_wconf 90' lang='lat' dir='ltr'>non</span> <span class='ocrx_word' id='word_1_151' title='bbox 2284 2483 2335 2534; x_wconf 88' lang='lat' dir='ltr'>a</span> <span class='ocrx_word' id='word_1_152' title='bbox 2407 2453 2482 2535; x_wconf 87' lang='lat' dir='ltr'>se</span> <span class='ocrx_word' id='word_1_153' title='bbox 2574 2478 2879 2536; x_wconf 89' lang='lat' dir='ltr'>tantum</span> <span class='ocrx_word' id='word_1_154' title='bbox 2985 2454 3205 2537; x_wconf 68' lang='lat' dir='ltr'>dictis</span> <span class='ocrx_word' id='word_1_155' title='bbox 3254 2452 3363 2533; x_wconf 82' lang='lat' dir='ltr'>de-</span> 
     </span>
     <span class='ocr_line' id='line_1_20' title="bbox 1083 2565 3362 2677; baseline -0 -29"><span class='ocrx_word' id='word_1_156' title='bbox 1083 2568 1336 2649; x_wconf 84' lang='lat' dir='ltr'>trahat</span> <span class='ocrx_word' id='word_1_157' title='bbox 1373 2566 1658 2657; x_wconf 82' lang='lat' dir='ltr'>fidem,</span> <span class='ocrx_word' id='word_1_158' title='bbox 1719 2565 1791 2647; x_wconf 88' lang='lat' dir='ltr'>se</span> <span class='ocrx_word' id='word_1_159' title='bbox 1889 2571 2177 2648; x_wconf 73' lang='lat' dir='ltr'>caeteris</span> <span class='ocrx_word' id='word_1_160' title='bbox 2219 2594 2533 2677; x_wconf 89' lang='lat' dir='ltr'>quoque</span> <span class='ocrx_word' id='word_1_161' title='bbox 2568 2569 2707 2677; x_wconf 89' lang='lat' dir='ltr'>qui</span> <span class='ocrx_word' id='word_1_162' title='bbox 2747 2567 3219 2674; x_wconf 70' lang='lat' dir='ltr'>profuerant,</span> <span class='ocrx_word' id='word_1_163' title='bbox 3247 2595 3362 2647; x_wconf 86' lang='lat' dir='ltr'>au-</span> 
     </span>
     <span class='ocr_line' id='line_1_21' title="bbox 1078 2678 3359 2781; baseline -0.001 -21"><span class='ocrx_word' id='word_1_164' title='bbox 1078 2678 1274 2760; x_wconf 81' lang='lat' dir='ltr'>ferat</span> <span class='ocrx_word' id='word_1_165' title='bbox 1307 2680 1737 2762; x_wconf 85' lang='lat' dir='ltr'>utilitatem.</span> <span class='ocrx_word' id='word_1_166' title='bbox 1838 2682 2205 2781; x_wconf 83' lang='lat' dir='ltr'>Qorum</span> <span class='ocrx_word' id='word_1_167' title='bbox 2238 2682 2730 2759; x_wconf 90' lang='lat' dir='ltr'>mentionem</span> <span class='ocrx_word' id='word_1_168' title='bbox 2771 2681 3053 2770; x_wconf 88' lang='lat' dir='ltr'>habui,</span> <span class='ocrx_word' id='word_1_169' title='bbox 3101 2707 3259 2761; x_wconf 93' lang='lat' dir='ltr'>non</span> <span class='ocrx_word' id='word_1_170' title='bbox 3286 2697 3359 2758; x_wconf 89' lang='lat' dir='ltr'>ut</span> 
     </span>
     <span class='ocr_line' id='line_1_22' title="bbox 1080 2788 3358 2897; baseline -0.001 -27"><span class='ocrx_word' id='word_1_171' title='bbox 1080 2789 1394 2880; x_wconf 79' lang='lat' dir='ltr'>fierent,</span> <span class='ocrx_word' id='word_1_172' title='bbox 1449 2788 1575 2868; x_wconf 90' lang='lat' dir='ltr'>sed</span> <span class='ocrx_word' id='word_1_173' title='bbox 1640 2809 1727 2868; x_wconf 89' lang='lat' dir='ltr'>ut</span> <span class='ocrx_word' id='word_1_174' title='bbox 1781 2792 2220 2871; x_wconf 84' lang='lat' dir='ltr'>vitarentur.</span> <span class='ocrx_word' id='word_1_175' title='bbox 2320 2796 2528 2897; x_wconf 65' lang='lat' dir='ltr'>Saepe</span> <span class='ocrx_word' id='word_1_176' title='bbox 2577 2793 2778 2871; x_wconf 90' lang='lat' dir='ltr'>inter</span> <span class='ocrx_word' id='word_1_177' title='bbox 2819 2790 2892 2872; x_wconf 84' lang='lat' dir='ltr'>fe</span> <span class='ocrx_word' id='word_1_178' title='bbox 2946 2791 3217 2872; x_wconf 82' lang='lat' dir='ltr'>collidi</span> <span class='ocrx_word' id='word_1_179' title='bbox 3259 2788 3358 2868; x_wconf 90' lang='lat' dir='ltr'>so-</span> 
     </span>
     <span class='ocr_line' id='line_1_23' title="bbox 1083 2897 3361 3010; baseline -0.002 -27"><span class='ocrx_word' id='word_1_180' title='bbox 1083 2901 1291 2983; x_wconf 88' lang='lat' dir='ltr'>lent:</span> <span class='ocrx_word' id='word_1_181' title='bbox 1350 2899 1531 2982; x_wconf 87' lang='lat' dir='ltr'>inde</span> <span class='ocrx_word' id='word_1_182' title='bbox 1580 2897 1922 2988; x_wconf 82' lang='lat' dir='ltr'>testatio,</span> <span class='ocrx_word' id='word_1_183' title='bbox 1976 2900 2160 2980; x_wconf 89' lang='lat' dir='ltr'>hinc</span> <span class='ocrx_word' id='word_1_184' title='bbox 2199 2902 2460 2982; x_wconf 84' lang='lat' dir='ltr'>testes:</span> <span class='ocrx_word' id='word_1_185' title='bbox 2521 2901 2734 2984; x_wconf 87' lang='lat' dir='ltr'>locus</span> <span class='ocrx_word' id='word_1_186' title='bbox 2775 2908 3162 3010; x_wconf 84' lang='lat' dir='ltr'>utrinque.</span> <span class='ocrx_word' id='word_1_187' title='bbox 3194 2904 3361 2982; x_wconf 81' lang='lat' dir='ltr'>Haec</span> 
     </span>
     <span class='ocr_line' id='line_1_24' title="bbox 1076 3010 3360 3121; baseline -0.001 -27"><span class='ocrx_word' id='word_1_188' title='bbox 1076 3014 1294 3098; x_wconf 86' lang='lat' dir='ltr'>enim</span> <span class='ocrx_word' id='word_1_189' title='bbox 1338 3010 1409 3094; x_wconf 87' lang='lat' dir='ltr'>se</span> <span class='ocrx_word' id='word_1_190' title='bbox 1459 3036 1633 3120; x_wconf 88' lang='lat' dir='ltr'>pars</span> <span class='ocrx_word' id='word_1_191' title='bbox 1674 3011 2165 3113; x_wconf 87' lang='lat' dir='ltr'>jurejurando</span> <span class='ocrx_word' id='word_1_192' title='bbox 2200 3068 2225 3104; x_wconf 87' lang='lat'>,</span> <span class='ocrx_word' id='word_1_193' title='bbox 2290 3012 2422 3093; x_wconf 89' lang='lat' dir='ltr'>illa</span> <span class='ocrx_word' id='word_1_194' title='bbox 2499 3011 2862 3094; x_wconf 89' lang='lat' dir='ltr'>consensu</span> <span class='ocrx_word' id='word_1_195' title='bbox 2918 3013 3360 3121; x_wconf 70' lang='lat' dir='ltr'>signantium</span> 
     </span>
     <span class='ocr_line' id='line_1_25' title="bbox 1083 3121 3362 3234; baseline 0.001 -26"><span class='ocrx_word' id='word_1_196' title='bbox 1083 3147 1362 3210; x_wconf 79' lang='lat' dir='ltr'>tuetur.</span> <span class='ocrx_word' id='word_1_197' title='bbox 1459 3128 1666 3227; x_wconf 82' lang='lat' dir='ltr'>Saepe</span> <span class='ocrx_word' id='word_1_198' title='bbox 1717 3126 1917 3201; x_wconf 87' lang='lat' dir='ltr'>inter</span> <span class='ocrx_word' id='word_1_199' title='bbox 1945 3121 2165 3204; x_wconf 87' lang='lat' dir='ltr'>testes</span> <span class='ocrx_word' id='word_1_200' title='bbox 2209 3129 2288 3204; x_wconf 74' lang='grc' dir='ltr'>ὃ(</span> <span class='ocrx_word' id='word_1_201' title='bbox 2324 3147 2776 3230; x_wconf 88' lang='lat' dir='ltr'>argumenta</span> <span class='ocrx_word' id='word_1_202' title='bbox 2808 3124 3213 3234; x_wconf 79' lang='lat' dir='ltr'>quaesitum</span> <span class='ocrx_word' id='word_1_203' title='bbox 3248 3123 3362 3211; x_wconf 77' lang='lat' dir='ltr'>est.</span> 
     </span>
     <span class='ocr_line' id='line_1_26' title="bbox 1081 3231 3359 3344; baseline -0.001 -28"><span class='ocrx_word' id='word_1_204' title='bbox 1081 3235 1267 3320; x_wconf 86' lang='lat' dir='ltr'>lnde</span> <span class='ocrx_word' id='word_1_205' title='bbox 1309 3234 1704 3317; x_wconf 88' lang='lat' dir='ltr'>scientiam</span> <span class='ocrx_word' id='word_1_206' title='bbox 1742 3237 1824 3311; x_wconf 89' lang='lat' dir='ltr'>in</span> <span class='ocrx_word' id='word_1_207' title='bbox 1866 3231 2176 3315; x_wconf 85' lang='lat' dir='ltr'>testibus</span> <span class='ocrx_word' id='word_1_208' title='bbox 2210 3237 2836 3342; x_wconf 62' lang='lat' dir='ltr'>&amp;‚religionem‚</span> <span class='ocrx_word' id='word_1_209' title='bbox 2883 3242 3194 3344; x_wconf 81' lang='lat' dir='ltr'>ingenia</span> <span class='ocrx_word' id='word_1_210' title='bbox 3234 3232 3359 3315; x_wconf 80' lang='lat' dir='ltr'>effe</span> 
     </span>
     <span class='ocr_line' id='line_1_27' title="bbox 1080 3344 3363 3453; baseline 0.001 -29"><span class='ocrx_word' id='word_1_211' title='bbox 1080 3349 1165 3432; x_wconf 84' lang='lat' dir='ltr'>in</span> <span class='ocrx_word' id='word_1_212' title='bbox 1230 3349 1700 3452; x_wconf 86' lang='lat' dir='ltr'>argumentis</span> <span class='ocrx_word' id='word_1_213' title='bbox 1761 3344 2098 3427; x_wconf 85' lang='lat' dir='ltr'>dicitur:</span> <span class='ocrx_word' id='word_1_214' title='bbox 2190 3346 2373 3428; x_wconf 87' lang='lat' dir='ltr'>hine</span> <span class='ocrx_word' id='word_1_215' title='bbox 2435 3347 2706 3428; x_wconf 87' lang='lat' dir='ltr'>testem</span> <span class='ocrx_word' id='word_1_216' title='bbox 2758 3353 3047 3453; x_wconf 82' lang='lat' dir='ltr'>gratia,</span> <span class='ocrx_word' id='word_1_217' title='bbox 3118 3370 3363 3434; x_wconf 82' lang='lat' dir='ltr'>metu,</span> 
     </span>
     <span class='ocr_line' id='line_1_28' title="bbox 1083 3453 3409 3570; baseline -0.001 -34"><span class='ocrx_word' id='word_1_218' title='bbox 1083 3465 1450 3570; x_wconf 83' lang='lat' dir='ltr'>pecunia,</span> <span class='ocrx_word' id='word_1_219' title='bbox 1489 3461 1639 3547; x_wconf 82' lang='lat' dir='ltr'>ira,</span> <span class='ocrx_word' id='word_1_220' title='bbox 1676 3453 1904 3545; x_wconf 83' lang='lat' dir='ltr'>odio,</span> <span class='ocrx_word' id='word_1_221' title='bbox 1939 3458 2285 3538; x_wconf 82' lang='lat' dir='ltr'>amicitia</span> <span class='ocrx_word' id='word_1_222' title='bbox 2311 3513 2337 3546; x_wconf 83' lang='lat'>‚</span> <span class='ocrx_word' id='word_1_223' title='bbox 2387 3458 2680 3539; x_wconf 88' lang='lat' dir='ltr'>ambitu</span> <span class='ocrx_word' id='word_1_224' title='bbox 2709 3459 2927 3550; x_wconf 77' lang='lat' dir='ltr'>fieri,</span> <span class='ocrx_word' id='word_1_225' title='bbox 2972 3485 3409 3564; x_wconf 53' lang='lat' dir='ltr'>&amp;gumen-2</span> 
     </span>
     <span class='ocr_line' id='line_1_29' title="bbox 1085 3565 3363 3674; baseline -0.001 -24"><span class='ocrx_word' id='word_1_226' title='bbox 1085 3591 1162 3650; x_wconf 86' lang='lat' dir='ltr'>ta</span> <span class='ocrx_word' id='word_1_227' title='bbox 1223 3595 1319 3650; x_wconf 87' lang='lat' dir='ltr'>ex</span> <span class='ocrx_word' id='word_1_228' title='bbox 1364 3590 1633 3674; x_wconf 83' lang='lat' dir='ltr'>natura</span> <span class='ocrx_word' id='word_1_229' title='bbox 1694 3566 1943 3674; x_wconf 59' lang='lat' dir='ltr'>duci:</span> <span class='ocrx_word' id='word_1_230' title='bbox 1974 3570 2056 3648; x_wconf 90' lang='lat' dir='ltr'>in</span> <span class='ocrx_word' id='word_1_231' title='bbox 2106 3565 2223 3649; x_wconf 87' lang='lat' dir='ltr'>his</span> <span class='ocrx_word' id='word_1_232' title='bbox 2269 3568 2609 3669; x_wconf 82' lang='lat' dir='ltr'>judicem</span> <span class='ocrx_word' id='word_1_233' title='bbox 2661 3569 2835 3662; x_wconf 85' lang='lat' dir='ltr'>fibi,</span> <span class='ocrx_word' id='word_1_234' title='bbox 2902 3578 2982 3653; x_wconf 88' lang='lat' dir='ltr'>in</span> <span class='ocrx_word' id='word_1_235' title='bbox 3045 3572 3204 3652; x_wconf 85' lang='lat' dir='ltr'>illis</span> <span class='ocrx_word' id='word_1_236' title='bbox 3250 3569 3363 3649; x_wconf 85' lang='lat' dir='ltr'>alii</span> 
     </span>
     <span class='ocr_line' id='line_1_30' title="bbox 1081 3677 3365 3785; baseline -0.002 -21"><span class='ocrx_word' id='word_1_237' title='bbox 1081 3677 1418 3764; x_wconf 82' lang='lat' dir='ltr'>credere.</span> <span class='ocrx_word' id='word_1_238' title='bbox 1532 3682 2005 3762; x_wconf 87' lang='lat' dir='ltr'>Communia</span> <span class='ocrx_word' id='word_1_239' title='bbox 2052 3678 2214 3762; x_wconf 67' lang='lat' dir='ltr'>hate</span> <span class='ocrx_word' id='word_1_240' title='bbox 2257 3680 2599 3785; x_wconf 86' lang='lat' dir='ltr'>pluribus</span> <span class='ocrx_word' id='word_1_241' title='bbox 2665 3681 2936 3776; x_wconf 74' lang='lat' dir='ltr'>caulis,</span> <span class='ocrx_word' id='word_1_242' title='bbox 2998 3683 3365 3762; x_wconf 86' lang='lat' dir='ltr'>multum-</span> 
     </span>
     <span class='ocr_line' id='line_1_31' title="bbox 1072 3789 3359 3981; baseline -0 -110"><span class='ocrx_word' id='word_1_243' title='bbox 1072 3815 1230 3981; x_wconf 61' lang='lat' dir='ltr'>3ue</span> <span class='ocrx_word' id='word_1_244' title='bbox 1281 3790 1549 3890; x_wconf 70' lang='lat' dir='ltr'>jactata</span> <span class='ocrx_word' id='word_1_245' title='bbox 1591 3790 1758 3871; x_wconf 89' lang='lat' dir='ltr'>sunt</span> <span class='ocrx_word' id='word_1_246' title='bbox 1801 3789 2150 3895; x_wconf 75' lang='lat' dir='ltr'>semper,</span> <span class='ocrx_word' id='word_1_247' title='bbox 2199 3815 2369 3872; x_wconf 88' lang='lat' dir='ltr'>tum</span> <span class='ocrx_word' id='word_1_248' title='bbox 2418 3792 2906 3876; x_wconf 63' lang='lat' dir='ltr'>metabuntur.</span> <span class='ocrx_word' id='word_1_249' title='bbox 2998 3794 3359 3901; x_wconf 83' lang='lat' dir='ltr'>Aliquan-</span> 
     </span>
     <span class='ocr_line' id='line_1_32' title="bbox 1132 3899 3361 4014; baseline -0 -29"><span class='ocrx_word' id='word_1_250' title='bbox 1132 3928 1185 3986; x_wconf 89' lang='grc' dir='ltr'>ο</span> <span class='ocrx_word' id='word_1_251' title='bbox 1237 3903 1594 4008; x_wconf 86' lang='lat' dir='ltr'>utrinque</span> <span class='ocrx_word' id='word_1_252' title='bbox 1642 3899 1815 3981; x_wconf 91' lang='lat' dir='ltr'>sunt</span> <span class='ocrx_word' id='word_1_253' title='bbox 1896 3900 2175 4014; x_wconf 64' lang='lat' dir='ltr'>testes:</span> <span class='ocrx_word' id='word_1_254' title='bbox 2266 3901 2397 3984; x_wconf 89' lang='lat' dir='ltr'>sed</span> <span class='ocrx_word' id='word_1_255' title='bbox 2462 3904 2776 4011; x_wconf 79' lang='lat' dir='ltr'>quaestio</span> <span class='ocrx_word' id='word_1_256' title='bbox 2836 3905 3222 4012; x_wconf 85' lang='lat' dir='ltr'>sequitur,</span> <span class='ocrx_word' id='word_1_257' title='bbox 3275 3930 3361 3984; x_wconf 82' lang='lat' dir='ltr'>ex</span> 
     </span>
     <span class='ocr_line' id='line_1_33' title="bbox 1069 4009 3360 4136; baseline 0.001 -34"><span class='ocrx_word' id='word_1_258' title='bbox 1069 4009 1300 4132; x_wconf 33' lang='lat' dir='ltr'>*ipfisg</span> <span class='ocrx_word' id='word_1_259' title='bbox 1353 4017 1509 4103; x_wconf 76' lang='lat' dir='ltr'>utri</span> <span class='ocrx_word' id='word_1_260' title='bbox 1552 4011 1921 4102; x_wconf 67' lang='lat' dir='ltr'>meliores</span> <span class='ocrx_word' id='word_1_261' title='bbox 1953 4016 2135 4103; x_wconf 81' lang='lat' dir='ltr'>viri:</span> <span class='ocrx_word' id='word_1_262' title='bbox 2231 4042 2331 4100; x_wconf 84' lang='lat' dir='ltr'>ex</span> <span class='ocrx_word' id='word_1_263' title='bbox 2367 4014 2601 4101; x_wconf 84' lang='lat' dir='ltr'>caufis</span> <span class='ocrx_word' id='word_1_264' title='bbox 2631 4072 2657 4118; x_wconf 85' lang='lat'><em>,</em></span> <span class='ocrx_word' id='word_1_265' title='bbox 2719 4019 2873 4100; x_wconf 89' lang='lat' dir='ltr'>utri</span> <span class='ocrx_word' id='word_1_266' title='bbox 2915 4018 3170 4136; x_wconf 76' lang='lat' dir='ltr'>magis.</span> <span class='ocrx_word' id='word_1_267' title='bbox 3215 4040 3360 4093; x_wconf 75' lang='lat' dir='ltr'>cre·</span> 
     </span>
    </p>
   </div>
   <div class='ocr_carea' id='block_1_3' title="bbox 3096 4119 3351 4230">
    <p class='ocr_par' dir='ltr' id='par_1_3' title="bbox 3096 4119 3351 4230">
     <span class='ocr_line' id='line_1_34' title="bbox 3096 4119 3351 4230; baseline 0 -20"><span class='ocrx_word' id='word_1_268' title='bbox 3096 4119 3351 4230; x_wconf 58' lang='lat' dir='ltr'>§ibina</span> 
     </span>
    </p>
   </div>
  </div>
 </body>
</html>
