3557 5113
316 225 561 386 De
593 212 1037 426 [wit.
1067 215 1793 400 oratoria,
1819 206 2510 424 Libvm.
2572 122 2842 365 '463

212 533 616 637 conjuncti
666 529 1039 613 sermoni-s
1086 534 1474 616 rationem
1517 529 2000 638 transeamus.
2107 536 2341 640 Cujus
2382 562 2513 618 or·
2536 554 2725 636 ευ»,
2747 549 2865 630 111.
2919 593 2945 647 «ι

214 669 445 729 natus
503 650 584 726 in
639 644 802 724 haec
848 641 1009 723 duo
1066 645 1322 751 prima
1377 639 1743 727 dividitur
1763 681 1789 736 ,-
1836 672 2076 754 quam
2126 650 2515 755 concipiat--¹

221 788 395 842 mus
473 758 1001 838 elocutionem
1059 810 1081 846 ,
1165 784 1325 864 quo
1400 753 1646 836 modo
1728 755 2158 840 efferamus.
2303 765 2518 844 Nam

223 876 579 978 primum
629 868 735 950 est
769 924 793 958 ,
851 890 937 946 ut
993 866 1329 974 liqueat,
1363 896 1658 974 augere
1710 868 1900 976 quid
1952 872 2280 952 velimus
2316 928 2338 956 ,
2412 900 2528 954 an-

225 988 583 1064 minuere
625 1018 647 1060 :
713 980 1091 1060 concitate
1137 980 1392 1060 dicere
1434 1036 1458 1072 ,
1522 1006 1618 1058 an
1673 980 2110 1062 moderate:
2178 982 2372 1074 laete,
2413 1012 2516 1063 an

229 1094 557 1176 severe:
613 1090 1134 1180 abundanter,
1177 1120 1273 1170 an
1319 1090 1558 1198 presse
1600 1126 1620 1168 .·
1688 1092 1942 1198 aspere
1982 1148 2004 1184 ‚
2072 1120 2170 1174 an
2214 1094 2520 1174 leniter.-

223 1204 685 1310 magnificc‚
733 1230 829 1282 an
873 1202 1245 1282 subtiliter
1287 1238 1305 1284 :
1372 1206 1750 1310 graviter,
1804 1230 1902 1282 an
1940 1206 2248 1286 urbane.
2314 1212 2530 1288 Tmn

226 1346 389 1426 quo
457 1316 969 1398 translationis
1027 1340 1309 1418 genere
1349 1364 1392 1398 ‚·
1438 1312 2026 1422 quibusfiguris
2078 1372 2102 1408 ‚
2174 1316 2530 1424 qualibus

227 1430 623 1510 sententiis
667 1484 689 1516 ,
737 1454 897 1532 quo
947 1424 1191 1512 modo
1233 1484 1255 1510 ,
1321 1452 1483 1532 qua.
1536 1428 1932 1530 postremo
1982 1428 2522 1516 collocatione,

227 1540 313 1622 id
369 1538 591 1648 quod
649 1536 1117 1616 intendimus
1153 1590 1177 1628 ,
1245 1537 1554 1616 efficere
1610 1536 2000 1646 ponimus.
2144 1548 2532 1622 Caeterum

233 1652 575 1732 dicturus
619 1648 893 1756 quibus
941 1672 1261 1730 ornetur
1311 1652 1566 1728 oratio
1608 1706 1628 1742 ‚
1708 1654 1920 1756 prius
1980 1678 2070 1732 ea
2134 1680 2302 1760 quae
2360 1652 2536 1746 sunt⁴

238 1764 421 1842 huic
457 1766 841 1842 contraria
893 1758 1151 1850 laudi,
1215 1762 1588 1866 attingam
1644 1792 1686 1854 ε,
1728 1788 1910 1840 nam
1978 1766 2230 1868 prima
2284 1768 2528 1870 virtus

234 1876 351 1954 est
393 1932 415 1964 ,
496 1876 693 1956 vitio
739 1900 1013 1950 carere.
1128 1878 1365 1976 Igitur
1434 1894 1606 1965 ante
1650 1876 1928 1960 ,omnia
1980 1902 2078 1952 ne
2110 1876 2528 1982 {speremus

231 2008 605 2070 ornatam
661 1988 1099 2064 orationem
1161 1986 1333 2062 fore
1372 2038 1394 2072 ‚
1474 2010 1642 2090 quae
1695 1986 2110 2090 probabilis
2152 2016 2314 2080 non
2354 1990 2526 2066 erit.

229 2096 641 2180 Probabile
705 2118 967 2174 autem
1025 2098 1305 2174 Cicero
1367 2094 1448 2174 id
1514 2122 1752 2200 genus
1806 2094 1993 2178 dicit
2030 2154 2051 2188 ‚
2102 2098 2316 2206 quod
2366 2126 2534 2178 non

231 2210 407 2318 plus
465 2206 809 2286 minusve
851 2206 961 2284 est
1003 2232 1237 2312 quam
1279 2204 1524 2286 decet.
1636 2214 1822 2286 Non
1882 2212 2062 2316 quia
2140 2212 2350 2290 comi
2404 2238 2540 2288 ex-
2648 2205 2672 2213 ’

233 2324 633 2428 polirique
699 2346 859 2396 non
903 2314 1175 2396 debeat
1217 2372 1239 2410 ‚
1313 2328 1341 2412 (
1374 2346 1558 2400 nam
1630 2324 1706 2398 ὅ(
1766 2322 1924 2398 haec
1984 2346 2294 2400 ornatus
2362 2338 2538 2428 pars

229 2434 399 2531 est)
461 2430 589 2511 sed
643 2434 820 2537 quia
885 2432 1167 2511 vitium
1225 2430 1333 2509 est
1388 2430 1672 2539 ubique
1726 2428 1950 2539 quod—
2010 2436 2342 2515 nimium
2406 2434 2538 2513 est.

231 2553 505 2655 ltaque
563 2543 729 2623 vult
793 2541 937 2621 effe
997 2543 1536 2622 austeritatem
1598 2549 1676 2625 &
1728 2543 2032 2651 pondus
2112 2549 2192 2625 in
2260 2547 2538 2635 verbis,

237 2659 659 2739 sententias
713 2653 1161 2763 vel-,graves
1203 2709 1227 2745 ‚
1293 2653 1420 2733 vel
1478 2677 1686 2759 aptas
1750 2657 2244 2761 opinionibus
2290 2659 2542 2737 homi-

237 2776 557 2849 minum
607 2795 691 2847 ac
745 2767 1113 2845 moribus,
1255 2769 1396 2845 His
1450 2765 1662 2846 enim
1728 2759 2180 2859 salvi-{licet
2226 2763 2544 2851 assume-

233 2913 325 2963 re
397 2881 675 2989 quibus
737 2877 1111 2957 illustrem
1189 2875 1357 2955 ficri
1422 2881 1856 2959 orationem
1914 2903 2156 2987 putat.
2310 2881 2546 2961 Dele-

229 2997 463 3075 &ant
509 2989 867 3071 translata
905 3045 929 3079 ‚
983 2989 1359 3095 superlata
1396 3043 1420 3079 ‚
1478 2989 1579 3069 ad·
1626 3019 1920 3069 nomen
1978 2991 2370 3091 adjuncta,
2408 2991 2547 3069 du-

233 3105 535 3215 plicia,
591 3109 669 3185 &
731 3099 943 3181 idem
1000 3099 1502 3211 fignificantia
1536 3157 1558 3192 ‚
1613 3103 1706 3179 ab
1760 3103 1914 3207 ipsa
1966 3107 2264 3185 actione
2314 3127 2552 3209 atque

240 3219 343 3299 ab
403 3217 845 3295 imitatione
917 3241 1181 3316 rerum
1245 3241 1410 3291 non
1484 3213 1994 3293 abhorrentia.
2120 3215 2306 3321 [Sed
2346 3241 2554 3323 *quo-

245 3343 475 3407 niam
523 3331 709 3405 vitia
773 3329 981 3429 prius
1047 3321 1538 3403 demonstare
1606 3323 1928 3431 aggresi}
1996 3325 2246 3407 sumus
2308 3385 2330 3411 ,
2421 3321 2558 3431 ‘vel

253 3441 419 3519 hoc
469 3443 745 3517 vitium
801 3435 889 3513 fit
933 3433 1147 3543 quod
1197 3437 1620 3543 xafficparovv
1664 3449 2074 3517 vocaturi
2110 3437 2262 3519 five
2348 3437 2556 3517 mala

251 3545 811 3647 consuetudine
859 3553 935 3627 in
975 3547 1426 3627 obscoenum
1480 3549 1961 3629 intellectum
2016 3549 2270 3653 sermo
2306 3549 2560 3631 detor-

253 3685 391 3743 tus
435 3661 540 3739 est
563 3719 583 3751 ,
639 3687 725 3741 ut
769 3663 1057 3743 duent-e
1099 3667 1446 3739 exercitus
1482 3715 1504 3741 ‚
1560 3665 1638 3739 &
1670 3671 1972 3769 patrare
2022 3647 2272 3743 bedam
2290 3719 2312 3753 ‚
2354 3657 2562 3767 apud

239 3771 705 3857 Sallustium
753 3771 949 3849 dicia
985 3769 1245 3849 ‘sancte
1291 3775 1372 3877 δζ
1410 3775 1776 3881 ’μεητίῃυερ
1842 3763 2190 3855 ridentur
2226 3801 2266 3855 a
2310 3771 2558 3861 nobi83

225 3889 294 3971 fi
349 3887 515 3965 diis
577 3887 823 3991 placet
875 3917 891 3961 :
985 3909 1219 3989 quam
1267 3881 1576 3987 culpam
1642 3907 1804 3963 non
1848 3885 2344 3967 scribentium
2396 3887 2560 3991 qui-

221 4001 455 4087 dem
509 3997 771 4101 judico
815 4051 839 4087 2
917 3995 1041 4075 sed
1095 3995 1524 4101 legentium
1568 4027 1586 4075 ε
1660 4017 1924 4077 tamen
1962 3999 2270 4083 vitanda
2302 4053 2326 4086 2
2380 4021 2570 4097 qua-

2351 4126 2576 4189 tenus
