3557 5113
388 103 624 273 De
669 104 1107 313 Irffiit.
1209 104 1940 291 Oratoria,
2041 105 2342 272 Lib.
2388 111 2487 269 I.
2747 115 2868 254 ἴς

270 434 504 517 fficus
542 435 675 516 ille
730 458 1198 545 praeceptor.
1268 458 1411 518 nec
1454 440 1697 519 tutior
1737 440 1944 520 inter
1998 440 2252 527 servos
2308 446 2584 543 malos,
2611 450 2848 529 Cim·
2875 449 3010 527 Π.

271 576 517 658 quam
552 552 928 656 ingenuos
961 560 1239 656 parum
1282 549 1674 631 modestos
1721 553 2204 638 conversatio
2251 558 2381 639 est.
2469 567 2581 643 At

262 660 323 741 fi
368 663 578 741 bona
628 660 856 767 ipfius
908 659 1247 757 indolet„
1318 660 1374 743 fi
1419 689 1581 744 non
1631 690 1846 744 coeca
1895 691 1981 744 ac
2028 666 2271 775 sopita
2305 694 2584 777 parcn-

269 796 452 854 tum
526 771 880 852 socordia
925 773 1077 863 est,
1127 762 1204 852 &
1276 795 1840 879 praeceptorem
1887 774 2173 883 eligere
2224 780 2577 867 sanstiffi-

264 914 504 965 mum
540 910 975 993 quemque,
1025 890 1266 984 (cujus
1318 891 1430 965 rei
1477 891 1861 1012 praecipua
1912 889 2415 996 prudentibus
2446 923 2576 975 cu·-

260 1024 345 1077 ιη
392 996 559 1092 est)
598 1004 679 1078 &
711 994 1192 1103 disciplinam
1237 1024 1409 1124 quae
1462 1002 1804 1077 maxime
1850 999 2106 1083 severa
2158 1003 2429 1098 fuerit,
2481 1005 2576 1086 li·-

262 1133 421 1190 cet.
493 1115 576 1190 δε
629 1107 1138 1187 nihilominus
1185 1113 1526 1189 amicum
1573 1134 1897 1216 gravem
1942 1118 2243 1208 virum,
2297 1140 2429 1197 aut
2478 1116 2571 1197 fi«-

261 1222 531 1302 delem
578 1220 955 1300 libertum
1006 1219 1225 1300 lateri
1256 1219 1399 1300 filii
1444 1221 1554 1302 sui
1606 1221 2075 1330 adjungere3
2140 1231 2354 1333 cujus
2404 1227 2572 1313 affi-

267 1333 464 1414 duus
508 1336 933 1414 comitatus
979 1335 1217 1412 etiam
1254 1330 1428 1413 illos
1455 1332 1820 1415 meliores
1870 1336 2133 1428 faciat,
2181 1343 2316 1448 qui
2348 1345 2574 1423 time-

270 1447 581 1526 buntur.
724 1443 967 1525 Facile
1025 1465 1188 1523 erat
1237 1445 1460 1551 hujus
1514 1467 1769 1526 metus
1819 1448 2283 1532 remedium.
2403 1456 2574 1533 Uti-
2681 1510 2691 1523 .

278 1557 950 1639 namliberorum
1006 1555 1525 1636 nostrorum
1536 1580 1799 1639 mores
1866 1582 2030 1639 non
2097 1561 2234 1668 ipli
2299 1560 2575 1669 percle-

269 1700 543 1752 remu&
677 1669 1087 1749 Infantiam
1140 1667 1397 1749 statim
1447 1666 1741 1751 deliciis
1793 1670 2182 1754 solvimus,
2306 1673 2578 1765 Mollis*

266 1784 393 1863 illa
439 1782 849 1871 educatio,
893 1806 1134 1908 quam
1178 1778 1741 1909 indulgentiam
1787 1807 2157 1865 vocamus
2193 1838 2219 1876 ,
2286 1808 2572 1868 nervos

269 1924 536 1977 omnes
596 1900 684 1975 &
736 1897 1023 1975 mentis
1084 1897 1167 1974 ’ὃς
1218 1896 1568 2021 corporis
1630 1894 1934 2020 frangit.
2030 1895 2242 2002 Qud
2282 1924 2447 1978 non
2490 1927 2568 1977 a-

266 2008 521 2090 dultus
572 2006 1073 2114 concupiscet
1094 2056 1117 2097 ,
1154 2008 1290 2115 qui
1337 2010 1433 2085 in
1463 2009 1823 2112 purpuris
1877 2010 2122 2114 repit?
2188 2007 2567 2092 Nondum

168 2125 194 2146 “
269 2127 515 2227 prima
540 2118 788 2201 verba
830 2120 1241 2226 exprimit,
1282 2123 1360 2198 ὅ(
1394 2120 1553 2221 jam
1587 2142 1909 2199 coccum
1942 2119 2350 2228 intelligit,
2404 2123 2567 2222 jam

270 2232 774 2337 conchylium
800 2230 1063 2338 poscit.
1111 2236 1320 2313 Ante
1352 2230 1696 2337 palatum
1729 2259 2006 2312 eorum
2039 2253 2276 2341 quam
2306 2260 2568 2312 mores

285 2346 756 2425 instituimus.
870 2348 957 2423 ln
1022 2344 1306 2422 lecticis
1370 2342 1907 2422 crescunt.s1
1959 2365 2245 2423 terram
2290 2347 2563 2450 attige-

282 2460 467 2549 rint,
511 2487 557 2538 e
595 2456 960 2538 manibus
1001 2460 1364 2563 utrinque
1393 2454 1938 2546 sustinentium
1958 2453 2323 2562 pendent.
2358 2460 2565 2536 Gau-

272 2571 527 2652 demus
556 2569 615 2650 fi
672 2568 863 2678 quid
897 2570 1249 2649 licentius
1290 2566 1649 2649 dixerint
1752 2568 2016 2648 Verba
2057 2593 2158 2648 ne
2223 2566 2564 2650 Alexan-a

276 2683 496 2766 drinis
559 2680 902 2792 quidem
953 2678 1472 2808 pernuttenda
1526 2677 1819 2761 deliciis
1848 2703 1884 2771 ‚‘
1937 2661 2089 2760 risu
2171 2687 2250 2762 ὅτ
2296 2680 2565 2761 osculo

282 2802 714 2905 excipimus.
813 2799 983 2874 Nec
1037 2799 1384 2874 mirum.
1477 2815 1618 2873 nos
1664 2789 2069 2874 docuimus
2110 2848 2132 2885 ‚
2196 2822 2294 2873 ex
2340 2792 2563 2872 nobis

282 2907 707 2990 audierunt:
796 2906 1088 2987 nostras
1154 2907 1435 2985 amicas
1465 2959 1488 2995 ,
1570 2904 1872 2985 nostros
1939 2906 2411 2984 concubinos
2447 2907 2563 2986 vi·-

286 3018 462 3102 dent.
549 3028 829 3103 Omne
921 3021 1371 3102 convivium
1427 3013 1802 3097 obscoenis
1873 3018 2186 3097 canticis
2250 3015 2558 3123 strepit:

283 3131 616 3236 pudenda
644 3130 870 3213 diem
898 3129 1349 3237 spectantur.
1436 3133 1551 3207 Fit
1583 3153 1682 3207 ex
1720 3130 1839 3206 his
1868 3127 2346 3208 consuetudo
2366 3184 2388 3217 ‚
2427 3125 2562 3205 de·-

284 3244 442 3325 inde
472 3270 772 3327 natura.
868 3242 1190 3323 Discunt
1258 3238 1516 3319 miseri
1568 3261 1747 3317 ante
1801 3266 2039 3346 quam
2081 3238 2316 3318 sciant
2376 3240 2563 3319 vitia

283 3355 427 3435 effe.
523 3357 711 3439 Inde
759 3352 991 3436 soluti
1020 3384 1104 3436 ac
1133 3354 1506 3441 fluentes,
1537 3375 1699 3429 non
1748 3352 2133 3456 accipiunt
2193 3378 2237 3429 e
2287 3346 2578 3429 scholis‘

288 3468 462 3547 mala
507 3470 689 3560 ista,
761 3465 897 3546 sed
953 3471 1034 3546 in
1080 3466 1371 3547 scholas
1408 3461 1756 3544 afferunt.
1854 3469 2154 3543 Verum
2193 3465 2273 3542 in
2302 3461 2563 3541 studiis

297 3587 500 3687 magis
544 3581 865 3665 vacabit
901 3605 1096 3661 unus
1136 3583 1291 3659 uni.
1386 3583 1593 3656 Ante
1637 3578 1934 3655 οιῃηίι
1955 3576 2148 3653 nihil
2201 3573 2564 3680 prohibet

306 3690 415 3809 effe
441 3692 721 3787 illum,
791 3690 1055 3772 nescio
1103 3718 1341 3800 quem
1400 3712 1698 3779 unum,
1765 3691 2005 3771 ctiam
2069 3715 2250 3781 cum
2274 3711 2384 3766 eo
2427 3688 2564 3793 qui

300 3807 621 3886 micolis
696 3800 1080 3886 eruditur.
1262 3800 1415 3914 Sed
1478 3798 1788 3880 etiamst
1847 3803 2092 3910 jungi
2141 3795 2565 3924 utrumque

280 3933 422 3994 non
451 3918 749 4022 posset,
793 3914 1069 4000 lumen
1107 3909 1368 3998 tamen
1415 3910 1612 3994 illud
1645 3935 2120 3998 ‘conventus
2137 3905 2565 3996 honestiffiss

278 4061 289 4074 '
1460 4030 1527 4113 C
2175 4053 2178 4058 ’
2413 4044 2564 4110 1121»
2673 4091 2678 4096 ·
