3557 5113
696 197 954 345 762.
1352 188 1499 300 M.
1568 190 1719 296 ΡΑ
1762 219 1935 290 1311
2008 171 3003 345 Quincti-mmm

618 494 803 572 Cu.
825 492 975 578 Χῖ,
1046 471 1431 561 mundum
1465 470 1718 580 ipsum
1754 494 1959 578 pene
1992 468 2338 552 dimetiri
2378 524 2403 561 ‚
2442 470 2807 550 minores
2858 466 2989 550 sed
3050 466 3327 552 diffici-

1034 592 1271 673 liores
1310 610 1508 668 artes
1546 586 1957 689 potuerint.
2043 588 2253 662 Tum
2295 586 2643 688 cogitent
2667 636 2692 671 ,
2743 605 3134 687 quantam
3170 610 3321 663 rem

1035 721 1304 811 petant
1344 751 1368 791 ‚
1420 720 1813 805 quamque
1869 692 2122 774 nullus
2177 691 2265 773 sit
2325 695 2476 772 hoc
2530 691 2928 799 proposito
2997 697 3319 797 praernio

1033 815 1260 896 labor
1303 806 1774 891 recusandus.
1866 803 2107 907 Qod
2136 804 2194 884 fi
2237 827 2501 884 mente
2541 808 3054 909 conceperint
3081 860 3107 894 ,
3159 806 3317 884 huic

1036 946 1355 1035 quoque
1390 921 1587 1027 parti
1628 913 1923 998 facilius
1961 913 2330 998 accedent
2368 972 2393 1000 ‚
2449 938 2535 996 ut
2577 914 2827 1021 ipsum
2873 920 3042 995 iter
3079 942 3324 1024 neque

1044 1036 1554 1142 impervium,
1617 1054 1876 1156 tffque
1912 1027 2178 1108 saltem
2217 1024 2500 1108 durum
2553 1048 2848 1134 putent.
2971 1032 3185 1106 Nam
3233 1024 3310 1106 id

1039 1143 1258 1256 quod
1351 1144 1557 1250 prius
1596 1141 1633 1226 ‚‘
1658 1138 2052 1248 ¹quodque
2114 1142 2356 1239 majus
2398 1137 2508 1218 est
2544 1191 2570 1229 ‚
2628 1156 2716 1219 ut
2775 1138 2994 1219 boni-
3039 1142 3188 1220 viri
3233 1137 3314 1220 fi-

1038 1282 1213 1338 mus
1277 1310 1304 1346 ,
1365 1252 1768 1358 voluntate
1815 1254 2154 1331 maxime
2192 1248 2488 1331 constat
2522 1283 2548 1329 .-
2602 1275 2838 1358 quam
2874 1251 3014 1356 qui
3047 1249 3304 1330 verafi-

1037 1366 1136 1470 de
1168 1364 1506 1450 induerit
1542 1419 1565 1456 ‚
1628 1361 1858 1443 facile
1921 1360 2226 1442 easdem
2273 1389 2443 1471 quae
2478 1364 2850 1474 virtutem
2885 1359 3182 1441 docent
3209 1391 3313 1441 ar-

1040 1502 1155 1560 tes
1198 1480 1538 1585 accipiet.
1628 1479 1906 1583 Neque
1942 1477 2156 1554 enim
2185 1496 2317 1554 aut
2351 1497 2512 1554 tam
2550 1472 2918 1579 perplexa
2940 1527 2966 1556 ‚
3014 1499 3151 1553 aut
3166 1497 3312 1554 tam

1044 1588 1454 1673 numerosa
1500 1587 1674 1667 sunt
1708 1610 1881 1694 quae
1919 1606 2338 1691 petuntur,
2401 1607 2490 1665 ut
2520 1611 2680 1665 non
2721 1608 3159 1691 paucorum
3196 1583 3311 1665 ad-

1047 1701 1381 1783 modum
1428 1724 1816 1779 annorum
1854 1698 2291 1777 intentione
2321 1695 2726 1794 discantur.
2836 1697 3202 1803 Longam
3238 1724 3312 1776 e-

1041 1816 1210 1893 nim
1252 1811 1439 1916 facit
1488 1834 1814 1916 operam
1862 1861 1884 1896 ,
1951 1803 2168 1916 quod
2239 1834 2776 1915 repugnamus.
2894 1810 3151 1889 Brevis
3199 1807 3305 1888 est

1044 1922 1420 2003 institutio
1467 1922 1644 2001 vitae
1684 1917 2024 1999 honesta:
2057 1919 2500 2027 beataeque,
2544 1915 2604 1999 si
2642 1915 2928 2000 credas.
3019 1925 3287 2000 Natura

1044 2037 1261 2114 enim
1294 2058 1436 2113 nos
1478 2028 1580 2112 ad
1617 2051 1968 2111 mentem
2004 2032 2390 2138 optimam
2430 2025 2703 2137 genuit
2736 2060 2759 2111 τ
2817 2030 3166 2140 adeoque
3200 2028 3292 2108 di.-

1038 2144 1245 2225 scere
1285 2141 1615 2223 meliora
1654 2139 2088 2224 volentibus
2125 2165 2529 2248 promtum
2561 2141 2672 2222 est
2693 2195 2718 2232 ,
2779 2164 2867 2223 ut
2904 2170 3089 2226 vere
3122 2145 3309 2223 intu-

1042 2258 1204 2335 enti
1247 2257 1544 2335 mirum
1586 2250 1676 2334 fit
1711 2249 1907 2333 illud
1941 2257 2186 2361 magis
2226 2310 2251 2345 ,
2312 2252 2559 2335 malos
2594 2251 2741 2335 esse
2795 2275 2957 2335 tam
3009 2255 3308 2340 multos.

1036 2373 1251 2449 Nam
1284 2387 1371 2447 ut
1408 2392 1606 2474 aqua
1654 2363 2024 2473 piscibus,
2092 2387 2174 2446 ut
2208 2363 2399 2447 licea
2439 2370 2761 2447 terrenis
2822 2419 2849 2457 ,
2909 2367 3305 2448 circumsu-

1041 2478 1157 2559 ses
1191 2477 1416 2560 nobis
1455 2477 1750 2585 spiritus
1786 2474 2221 2560 volucribus
2247 2480 2675 2567 convenit:
2742 2479 2852 2559 ita
2888 2502 3104 2560 certe
3146 2479 3314 2559 faci-

1046 2590 1187 2671 lius
1227 2589 1373 2669 effe
1415 2589 1828 2695 oportebat
1869 2640 1891 2674 2
1951 2587 2370 2671 secundum
2406 2610 2758 2673 naturam
2782 2646 2806 2676 .
2845 2616 3097 2698 quam
3143 2619 3320 2673 con-

1031 2722 1150 2780 tra
1184 2726 1363 2779 eam
1404 2700 1688 2781 vivere.
1802 2704 2099 2779 Caetera
2129 2728 2320 2784 vero
2366 2756 2389 2786 ‚
2453 2698 2751 2785 etiamfi
2821 2725 3137 2795 aetatem
3191 2731 3316 2784 no-

1042 2809 1278 2892 stram
1311 2834 1475 2889 non
1512 2808 1755 2914 spatio
1798 2807 2190 2891 senectutis
2225 2864 2250 2901 ,
2321 2808 2455 2892 std
2481 2832 2841 2920 tempore
2883 2813 3311 2897 adolescen-

1045 2924 1171 3003 tiae
1222 2923 1637 3001 metiamur
1658 2974 1683 3012 ‚
1756 2919 2061 3001 abunde
2110 2920 2406 3004 multos
2464 2922 2561 3005 ad
2598 2922 3049 3008 distendum
3090 2953 3310 3009 annos

1046 3033 1353 3114 habent.
1465 3032 1754 3113 Omnia
1797 3034 2012 3113 enim
2047 3033 2402 3115 breviora
2433 3033 2706 3118 reddet
2752 3036 2956 3120 ordo
2997 3097 3026 3125 .
3079 3046 3165 3123 ,δε
3208 3066 3314 3122 ra-

1041 3148 1204 3237 tio,
1266 3150 1349 3225 &
1385 3141 1686 3224 modus.
1746 3140 1876 3225 sed
1904 3142 2129 3251 culpa
2157 3145 2376 3227 estin
2412 3151 3321 3258 praeceptoribus-prim

1040 3258 1177 3363 qui
1212 3252 1543 3357 libenter
1578 3252 1929 3337 detinent
1972 3283 2169 3365 quos
2218 3282 2787 3365 occupaverunt
2812 3317 2834 3352 ‚
2879 3267 3175 3368 partim
3196 3293 3320 3346 cu-

1038 3363 1298 3475 pidate
1333 3363 1618 3446 diutius
1650 3364 2010 3473 exigendi
2043 3368 2517 3457 mercedulas
2558 3407 2586 3464 ,-
2640 3376 2930 3480 partim
2953 3376 3324 3458 ambitio-

1036 3503 1176 3561 ne,
1208 3488 1370 3586 quo
1389 3476 1781 3579 difficilius
1825 3477 1917 3559 fit
1939 3487 2158 3587 quod
2191 3482 2659 3588 pollicentur
2689 3520 2715 3576 ‚-
2761 3489 3052 3593 partim
3075 3494 3322 3571 etiam

1032 3586 1423 3669 inscientia
1460 3585 1850 3675 tradendi.
1905 3589 2033 3674 vel
2068 3594 2555 3700 negligentia.
2649 3599 3015 3679 Proxima
3057 3603 3146 3679 in
3179 3628 3324 3687 no·

896 3746 899 3748 >
1033 3698 1192 3784 bis,
1229 3702 1363 3806 qui
1400 3704 1690 3781 morari
1727 3702 1812 3780 in
1872 3728 1972 3782 eo
2009 3702 2225 3813 quod
2278 3710 2641 3791 novimus
2667 3762 2699 3800 ,,
2746 3737 2988 3819 quam
3026 3711 3322 3793 discere

1039 3836 1211 3919 quae
1251 3808 1960 3903 nondumstimus‚
2021 3814 2293 3898 melius
2322 3840 2699 3924 putamus.
2837 3829 3054 3903 Nam
3091 3849 3182 3905 ut
3222 3823 3316 3905 de

1033 3920 1307 4006 nostris
1336 3918 1816 4033 potissimum
1861 3922 2128 4013 studiis
2172 3927 2429 4017 dicam
2473 3989 2500 4019 .
2567 3929 2765 4044 quid
2799 3939 3114 4046 ‘attinet
3155 3959 3292 4019 tam
