3557 5113
752 177 1006 325 696
1378 171 1962 276 MFAnu
2047 163 3071 295 chrxtmm

688 444 872 522 Car.
894 439 1010 515 111.
1093 426 1461 508 cumbere
1502 420 1881 501 advocato
1921 411 2249 495 adverfis
2292 411 2651 494 subselliis
2706 409 2993 492 sedenti
3034 467 3060 494 ‚
3126 435 3373 492 contu-

1076 536 1511 620 meliosum
1563 534 1692 612 est.
1783 527 2168 608 Reclinari
2206 537 2441 614 etiam
2481 523 2575 603 ad
2621 523 2791 604 suos
2828 580 2850 614 ‚
2912 529 2998 603 δε
3030 528 3370 607 manibus

1095 651 1484 738 sustineri,
1524 641 1667 724 nisi
1703 642 1934 748 plane
1975 640 2164 742 justa
2195 638 2541 745 fatigatio
2578 636 2712 727 est,
2747 634 3185 717 delicatum
3232 638 3364 718 fue·

1091 770 1207 844 rit
1233 819 1258 853 ‚
1310 760 1563 866 palam
1599 755 1950 842 moneri,
1988 749 2462 841 excidentis;
2503 772 2632 829 aut
2659 747 2937 853 legere.
3017 754 3367 862 Namque

1103 881 1186 955 in
1222 877 1337 952 his
1365 867 1727 950 omnibus
1780 872 1857 946 &
1902 866 2014 945 vis
2052 863 2184 942 illa
2233 860 2542 942 dicendi
2572 860 2936 943 solvitur,
2997 865 3085 939 ὅ(
3133 861 3370 968 friges·

1088 989 1208 1066 <cit
1248 981 1557 1063 affectus
1594 1037 1621 1064 ,
1686 985 1765 1059 ὅ(
1831 975 2063 1078 judex
2115 1002 2390 1080 parum
2448 972 2581 1052 fibi
2637 972 2969 1076 praestari
3030 1002 3367 1054 reveren-

1091 1101 1228 1198 tia:
1281 1092 1550 1174 credit.
1665 1086 2023 1169 Transire
2064 1091 2143 1165 in
2199 1085 2492 1167 diversa
2531 1084 2913 1175 subsellia,
2942 1112 3227 1190 parum
3257 1114 3365 1168 ve-

1101 1206 1536 1290 recundum
1572 1202 1702 1280 est.
1815 1206 2020 1278 Nam
2068 1204 2145 1279 &
2215 1197 2500 1278 Caffius
2533 1203 2851 1279 Severus
2927 1198 3220 1278 urbane
3249 1197 3366 1278 ad-

1102 1318 1358 1404 versus
1393 1318 1543 1396 hoc
1599 1313 2013 1392 facientem
2037 1366 2058 1402 ‚
2094 1312 2380 1389 lineam
2412 1308 2781 1417 popostit.
2847 1312 2942 1386 Et
2968 1307 3021 1387 fi
3043 1311 3363 1418 aliquan·

1079 1432 1212 1513 'do
1247 1432 1628 1510 concitate
1664 1428 1822 1504 itur
1843 1479 1866 1513 ,
1900 1450 2295 1530 nunquam
2328 1450 2490 1501 non
2525 1419 2801 1526 frigide
2823 1417 3141 1500 reditur.
3185 1421 3359 1501 Mul-

1106 1566 1184 1624 ta
1222 1571 1320 1622 ex
1350 1543 1465 1620 his
1514 1565 1686 1646 qnae
1718 1537 2267 1642 praecepimus,
2330 1535 2610 1614 mutari
2654 1529 2942 1613 necesse
2980 1533 3094 1611 est
3130 1535 3222 1613 ab
3261 1537 3360 1623 iis,

1103 1663 1239 1763 qui
1283 1651 1553 1744 ‚dicunt
1592 1644 1797 1753 apud
1847 1645 2278 1724 tribunalia.
2392 1652 2599 1725 Nam
2623 1648 2701 1724 ὃ(
2738 1641 2992 1724 vultus
3023 1647 3357 1735 crestior,

1106 1789 1192 1846 ut
1222 1791 1402 1844 eum
1441 1816 1463 1852 ,
1529 1756 1730 1865 apud
1762 1782 2002 1864 quem
2047 1754 2374 1845 dicitur,
2416 1756 2750 1865 spestet:
2815 1761 2893 1835 δε
2934 1756 3229 1861 gestus,
3285 1778 3359 1837 ut

1102 1874 1198 1978 ad
1230 1871 1569 1954 eundem
1610 1867 1933 1949 tendens
1968 1867 2247 1947 elatior
2279 1864 2371 1945 fit
2405 1867 2697 1948 necesse
2743 1866 2868 1957 est,
2902 1871 2982 1945 δε
3014 1867 3152 1946 alia
3182 1894 3355 1974 quae

1101 2009 1508 2094 oecurrere
1529 1984 1770 2060 etiam
1805 2006 1936 2058 me
1975 2000 2278 2060 tacente
2318 1981 2680 2060 omnibus
2722 1976 3029 2087 poss'unt.
3123 1984 3342 2059 ltem·

1093 2125 1252 2206 que
1303 2096 1400 2176 ab
1435 2096 1526 2174 iis
1576 2095 1711 2201 qui
1742 2089 2106 2174 ,sedentes
2146 2114 2405 2198 agunt.
2502 2098 2716 2172 Nam
2758 2097 2839 2172 δε
2884 2091 3040 2169 fere
3077 2089 3166 2170 fit
3207 2092 3357 2171 hoc

1101 2208 1464 2313 injrebus
1509 2202 1934 2283 minoribus
1974 2240 2003 2284 .·
2080 2201 2436 2285 &iidem
2492 2207 2832 2310 impetus
2878 2204 3185 2283 afflonis
3222 2202 3361 2282 effe

1107 2349 1274 2403 non
1330 2314 1682 2426 possunt,
1740 2320 1821 2396 &
1860 2313 2218 2422 quaedam
2249 2318 2436 2396 vitia
2473 2314 2671 2395 fiunt
2694 2315 3111 2395 neceffiria.
3165 2323 3354 2395 Nam

1105 2431 1510 2536 &dexter
1563 2454 1697 2536 pes
1725 2455 1778 2506 a
1824 2426 2012 2510 laeva
2049 2424 2321 2528 judicis
2352 2426 2678 2508 sedentis
2714 2426 3210 2533 proferendus
3230 2427 3356 2520 est,

1080 2550 1187 2628 Βὅ(
1252 2572 1352 2624 ex
1401 2540 1642 2622 altera
1694 2559 1916 2646 parte
1968 2537 2205 2619 multi
2252 2540 2507 2645 gestus
2558 2537 2851 2620 necesse
2905 2539 3023 2620 est
3080 2544 3163 2621 in
3202 2538 3364 2622 fini·

1101 2657 1346 2735 strum
1385 2674 1603 2736 eant,
1673 2671 1760 2728 ut
1821 2647 1918 2728 ad
1959 2649 2297 2750 judicem
2345 2653 2703 2759 spestent.
2798 2651 3178 2761 Equidem
3216 2653 3357 2762 ple·

1094 2764 1368 2871 rosque
1411 2768 1491 2842 δε
1527 2759 1624 2839 ad
1665 2758 1991 2866 singulas
2026 2759 2575 2845 sententiarum
2615 2763 2973 2844 clausulas
3009 2767 3236 2849 video
3266 2765 3360 2845 212

1092 2867 1483 2981 surgentes
1541 2870 1675 2950 fibi
1718 2924 1741 2960 ,
1800 2877 1880 2951 &
1930 2872 2352 2959 nonnullos
2400 2874 2715 2956 subinde
2787 2875 3085 2985 aliquid
3146 2882 3359 2959 etiam

1090 2988 1496 3096 spatiantes
1537 3014 1556 3061 ε
1619 2979 1837 3091 quod
1864 3007 1963 3061 an
2003 2981 2310 3070 deceat,
2356 2986 2498 3095 ipfi
2532 2985 2905 3070 viderint:
2950 3017 3140 3070 cum
3156 2990 3230 3071 id
3257 2990 3362 3069 fa·

1002 3154 1006 3159 «
1096 3104 1354 3183 ciunt,
1417 3122 1580 3175 non
1628 3091 1973 3174 sedentes
2021 3118 2278 3202 agunt.
2392 3099 2668 3179 Bibere
2706 3156 2727 3185 ‚
2777 3123 2907 3182 aut
2941 3107 3184 3182 etiam
3227 3101 3365 3182 effe

1095 3215 1302 3290 inter
1336 3205 1722 3314 agendum
1746 3261 1771 3297 ,
1827 3207 2044 3315 quod
2084 3208 2352 3290 multis
2402 3214 2645 3292 moris
2686 3212 2834 3293 fuit
2872 3269 2894 3305 ,
2956 3218 3038 3294 ὅ(
3074 3215 3187 3295 est
3215 3223 3365 3324 qui-

1093 3319 1410 3431 busdam
1434 3374 1456 3410 ‚
1493 3320 1586 3399 ab
1629 3340 1943 3398 oratore
1980 3346 2167 3399 meo
2213 3322 2487 3428 procul
2523 3322 2729 3404 absit.
2822 3332 3028 3406 Nam
3088 3327 3151 3407 fi
3211 3331 3368 3435 quis

1092 3434 1320 3541 aliter
1365 3428 1672 3539 dicendi
1713 3457 1952 3510 onera
2009 3431 2359 3539 perferre
2405 3462 2568 3515 non
2602 3434 2871 3544 possit,
2904 3465 3076 3516 non
3110 3441 3375 3519 itami·

1093 3544 1352 3624 serum
1397 3542 1508 3622 est
1545 3569 1709 3654 non
1763 3569 2034 3653 agere,
2074 3538 2485 3655 potiusque
2533 3550 2836 3641 multo,
2878 3576 3127 3658 quam
3167 3557 3257 3635 δε
3296 3580 3374 3634 o-

1093 3660 1299 3764 peris
1339 3660 1416 3735 δε
1449 3655 1867 3757 hominum
1904 3662 2397 3738 contemtum
2446 3659 2688 3741 fateri.
2754 3663 3025 3745 Cultus
3068 3693 3246 3746 non
3279 3665 3375 3745 est

1097 3770 1456 3875 proprius
1503 3769 1833 3848 oratoris
1875 3766 2189 3875 aliquis,
2243 3769 2371 3850 sed
2405 3778 2650 3880 magis
2697 3776 2779 3854 in
2827 3798 3146 3856 oratore
3192 3806 3371 3859 con·

1082 3879 1424 3990 spiCissur·
1517 3883 1774 3989 Qare
1807 3873 1935 3975 fit,
1964 3901 2047 3968 ut
2066 3883 2154 3966 in
2186 3885 2542 3977 omnibus
2574 3886 2909 3972 honestis
2940 3887 3185 3971 debet
3209 3889 3376 3980 eisc,

3126 4001 3380 4111 splen-
