3557 5113
249 278 504 448 De
532 274 977 489 Instit.
1041 280 1774 508 Oratmficz³
1811 274 2075 441 Lib
2124 279 2372 440 XI.
2665 283 2894 430 659

163 599 367 679 mire
393 618 672 676 ‘tenues
714 593 962 676 causas
996 593 1222 676 decet
1250 631 1279 674 .·
1319 595 1744 696 majoribus
1815 596 2008 681 illud
2052 598 2466 680 admirabi-
2502 595 2691 676 Cu·-
2716 597 2771 674 1.

166 711 238 789 le
283 707 603 789 dicendi
626 732 867 816 genus
909 712 1156 820 magis
1199 714 1588 791 convenit.
1670 716 1757 791 ln
1798 733 2137 820 utroque
2167 716 2466 793 eminet

164 826 481 904 cicero:
511 849 613 901 ex
665 821 943 930 quibus
993 822 1324 901 alterum
1366 823 1716 928 imperiti
1749 822 1824 904 se
1850 824 2062 933 posse
2090 824 2464 935 consequi

161 931 511 1025 credent,
547 955 914 1016 neutrum
955 936 1093 1043 qui
1136 929 1610 1041 intelligunt.
2374 947 2381 954 “

275 1164 364 1242 Μ
388 1161 445 1239 E
472 1154 737 1240 MOR
760 1159 790 1239 l
811 1165 886 1241 A
909 1161 998 1243 M
1076 1157 1396 1271 quidam
1444 1157 1751 1247 naturae'
1792 1162 2041 1249 modo
2096 1163 2243 1249 ess‘e
2282 1185 2461 1260 mua
2484 1142 2677 1226 CU-
2710 1141 2819 1222 η’

156 1299 307 1354 nus
346 1270 975 1356 existimaverunt
993 1306 1015 1370 3
1055 1275 1317 1383 estque
1341 1279 1423 1355 in
1454 1303 1542 1355 ea
1577 1303 1738 1356 non
1755 1276 1987 1359 dubie
2009 1278 2465 1386 plurimum.

153 1382 291 1466 sed
339 1383 494 1491 ipsa
529 1385 991 1470 excolendo,
1029 1385 1216 1467 ficut
1240 1389 1387 1467 alia
1428 1394 1722 1480 omnia,
1764 1411 2121 1496 augetur:
2158 1396 2237 1473 &
2260 1413 2469 1477 totus

151 1495 262 1578 de
300 1522 462 1604 quo
500 1496 837 1579 diximus
903 1497 1190 1585 adhuc,
1231 1501 1475 1582 inanis
1516 1499 1628 1581 est
1663 1500 1885 1583 labor
1923 1551 1949 1594 ,
2002 1501 2144 1586 nifi
2171 1524 2466 1588 caeterae

149 1628 417 1718 partes
451 1607 605 1690 hoc
650 1609 865 1694 velut
901 1610 1171 1714 spiritu
1197 1615 1720 1696 continentur.
1790 1620 2003 1695 Nam
2053 1620 2138 1698 δι
2199 1627 2462 1697 omnis

149 1717 555 1828 disciplina
597 1727 982 1803 memoria
1032 1720 1329 1804 constat
1352 1779 1378 1813 .
1432 1724 1855 1835 frustraque
1894 1724 2275 1809 docemur
2314 1783 2340 1820 ,
2401 1727 2464 1813 fi

144 1830 523 1942 quicquid
540 1832 918 1928 audimuS,
939 1833 1404 1943 praeterfluat
1428 1865 1446 1917 ε
1472 1843 1551 1921 &
1571 1836 2146 1946 exemplorum,
2162 1839 2459 1946 legum,

149 1943 737 2054 responsorum,
774 1946 1166 2028 distorum
1206 1946 1403 2029 bene
1448 1949 1987 2059 fastorumque
2016 1949 2231 2035 velut
2245 1953 2461 2059 quas:

148 2056 343 2141 dam
385 2057 646 2169 copias
703 2115 728 2151 ‚
792 2056 1069 2168 quibus
1112 2057 1496 2141 abundare
1550 2115 1575 2153 ,
1635 2061 1969 2171 quasque
2006 2065 2090 2142 in
2129 2085 2454 2168 promtu

147 2170 464 2279 semper
508 2172 794 2254 habere
844 2170 1077 2252 debet
1128 2190 1396 2251 orator
1436 2226 1460 2264 ,
1520 2171 1797 2253 eadem
1837 2172 1965 2252 illa
2004 2176 2117 2255 vis
2171 2201 2454 2282 reprae—

144 2283 419 2368 stutat.
508 2292 789 2395 Neque
824 2286 1228 2365 immerito
1262 2282 1647 2383 theiaurus
1665 2284 1794 2365 hic
1837 2283 2301 2392 eloquentiae
2336 2285 2454 2366 di-

150 2400 386 2480 citur.
449 2395 598 2479 Sed
629 2425 794 2478 non
827 2395 1059 2477 firme
1098 2417 1401 2476 tantum
1441 2399 1872 2487 continere,
1914 2422 2189 2478 verum
2212 2399 2451 2477 etiam

141 2513 316 2595 cito
351 2513 755 2621 percipere
812 2508 1058 2591 multa
1096 2509 1395 2590 acturos
1426 2529 1747 2617 oportet
1780 2544 1808 2600 ,-
1846 2534 1989 2588 nec
2036 2534 2209 2618 quae
2274 2507 2453 2590 scri-

138 2622 386 2737 pferis
403 2624 654 2707 modo
696 2627 966 2705 iterata
998 2621 1332 2704 leetionc
1388 2620 1841 2729 complesti,
1879 2618 2008 2700 sed
2047 2623 2129 2700 in
2165 2622 2445 2727 cogita·

135 2742 248 2821 tis
285 2763 603 2849 quoquc
642 2764 910 2819 rerum
961 2762 1053 2817 ac
1099 2734 1527 2819 verborum
1577 2752 2034 2815 contextum
2081 2730 2293 2842 sequi
2324 2738 2448 2816 z&

139 2849 530 2963 quae'fimt
575 2850 670 2948 ab
693 2846 1004 2935 a'dversa
1044 2869 1265 2956 parte
1294 2845 1537 2939 dista,
1579 2844 2011 2927 meminiss'e
2051 2871 2258 2925 :nec
2298 2849 2447 2927 uti-

135 2991 300 3076 que
333 2991 437 3045 eo
474 2992 636 3074 quo
677 2961 877 3044 dista
906 2961 1080 3042 sunt
1117 2957 1396 3042 ordine
1441 2957 1773 3039 refutare
1815 3012 1841 3048 ,
1888 2953 2019 3035 sed
2072 2976 2454 3061 opportu-

127 3081 262 3162 nis
305 3074 497 3158 locis
538 3102 853 3184 ponere.
916 3070 1128 3178 Qid
1171 3069 1723 3176 extemporalis
1757 3066 2062 3147 oratio?
2110 3091 2256 3144 nec
2294 3064 2453 3147 alio

131 3190 354 3274 mihi
387 3188 698 3271 videtur
732 3189 1020 3268 mentis
1049 3185 1324 3291 vigore
1370 3180 1737 3261 constare.
1832 3183 2043 3258 Nam
2079 3173 2274 3256 dum
2300 3175 2448 3258 alia

133 3302 482 3386 dicimus
508 3357 533 3393 ,
567 3325 740 3411 quae
777 3299 1054 3382 dietari
1092 3294 1349 3376 sumus
1372 3351 1395 3379 ‚
1436 3289 1804 3373 intuenda
1858 3288 2048 3370 sunt.
2118 3292 2222 3369 ita
2257 3314 2445 3375 cum
2516 3390 2519 3397 .

141 3416 466 3523 semper
500 3415 876 3522 cogitatio
928 3410 1128 3492 ultra
1155 3464 1180 3500 ‚
1218 3404 1300 3487 id
1346 3403 1562 3514 quod
1600 3403 1710 3485 est
1770 3402 2080 3508 longius
2117 3403 2393 3509 quaerit
2408 3435 2437 3491 ,-

129 3522 521 3639 quicquid
563 3528 880 3608 interim
910 3525 1225 3631 reperit,
1267 3513 1860 3627 quodammodo
1897 3510 2104 3621 apud
2132 3538 2441 3592 memo-

132 3644 358 3723 riam
385 3637 701 3749 deponit
748 3669 766 3718 :
803 3634 1024 3747 quod
1061 3631 1187 3714 illa
1232 3627 1438 3740 quafi
1477 3627 1738 3709 media
1777 3624 2133 3736 quaedam
2168 3650 2444 3705 manus

131 3772 553 3859 acceptum
600 3753 694 3832 ab
725 3751 1173 3833 inventione
1189 3799 1214 3835 ‚
1252 3740 1488 3824 tradit
1523 3724 1960 3822 elocutioni.
2016 3742 2207 3817 Non
2249 3734 2445 3818 arbi·

119 3890 320 3949 tror
355 3889 619 3946 autem
664 3862 864 3941 mibi
901 3864 984 3940 in
1022 3860 1174 3937 hoc
1215 3852 1825 3945 immorandum,
1878 3851 2069 3960 quid
2097 3846 2189 3930 fit
2222 3845 2443 3957 quod

120 3980 621 4062 memoriam
707 3972 930 4055 faciat
1005 4000 1024 4050 ε
1106 3993 1553 4079 quanquam
1643 3966 2001 4073 plerique
2075 3960 2433 4066 imprimi

102 4088 504 4205 quaedam
557 4086 873 4198 vestigia
930 4084 1198 4193 animo
1219 4135 1244 4174 ‚
1302 4104 1510 4185 quae,
1555 4077 1771 4161 velut
1814 4080 1901 4160 in
1955 4076 2424 4263 cerislannu-

1274 4195 1567 4275 Oooo
2187 4202 2421 4265 orum
