3557 5113
746 264 901 410 ς’ἐ)
1172 236 1888 385 M.-7FAB11
2025 251 3192 399 'Q'1NCT1L1AN1

603 559 675 655 C
697 581 742 647 Α
766 584 830 645 ι’.
872 562 998 644 Vl,
1029 549 1169 633 dus
1226 542 1624 660 frangere,
1700 554 1783 629 ὁ(
1845 549 1925 627 in
1995 546 2282 629 balneis
2347 566 2764 653 perpotare‘
2805 598 2830 634 ,
2902 535 3347 649 quamlibet

612 662 623 675 ”
727 654 733 660 ’
902 658 912 665 ’
1021 666 1186 747 haec
1227 663 1638 750 invaserint
1692 664 2134 752 civitatem,
2189 685 2352 739 non
2401 664 2547 738 erit
2592 651 3113 743 consuetudo,
3150 655 3349 759 quia

1022 778 1221 859 nihil
1255 780 1542 859 horum
1585 796 1793 855 caret
1827 770 2453 876 reprehensione:
2522 791 2597 848 at
2639 768 3010 850 lavamur,
3037 769 3116 845 δε
3158 784 3348 844 ton-

1021 889 1325 975 demur,
1370 896 1447 971 &
1490 889 1977 968 convivimus
2020 913 2116 963 ex
2152 876 2869 964 consuetudinezfic
2907 877 3357 986 inloquen-

1020 1001 1173 1091 do,
1239 1031 1402 1082 non
1453 1000 1509 1079 si
1563 997 1756 1107 quid
1795 996 2063 1079 vitiose
2105 995 2373 1076 multis
2415 992 2815 1076 insederit.
2873 1019 3020 1098 pro
3061 991 3342 1096 regula

1016 1113 1393 1194 sermonis
1436 1108 1975 1218 accipiendum
2012 1111 2178 1188 erit.
2274 1114 2485 1186 Nam
2520 1128 2604 1184 ut
2648 1100 3029 1184 transeam
3052 1130 3344 1210 quem-

1016 1223 1452 1306 admodum
1508 1224 1748 1329 vulgo
1797 1224 2142 1326 imperiti
2183 1220 2656 1327 loquuntur,
2710 1237 2874 1303 tota
2922 1215 3114 1320 saepe
3156 1214 3339 1294 the-

1015 1357 1225 1428 atra,
1278 1344 1359 1418 &
1411 1363 1738 1416 omnem
1819 1336 2030 1436 Circi
2100 1333 2402 1412 turbam
2496 1326 2945 1410 exclamasse
3008 1327 3343 1407 barbare

1014 1446 1315 1529 scimus.
1431 1454 1636 1554 Ergo
1670 1442 2305 1526 consuetudinem
2335 1441 2707 1522 sermonis
2731 1497 2753 1533 ,
2810 1440 3107 1521 vocabo
3132 1465 3338 1519 con-

1015 1558 1319 1639 sensum
1383 1558 1916 1641 eruditorum:
2006 1555 2194 1638 ficut
2264 1552 2574 1637 vivendi
2597 1610 2622 1645 2
2685 1551 3138 1638 consensum
3182 1551 3343 1633 bo·-

1019 1698 1163 1752 nOl‘
1173 1701 1336 1754 um.

593 1940 788 2038 cn,
826 1950 989 2030 Vn.
1240 1936 1581 2015 NUNC
1642 1920 2021 2037 quoniam
2060 1927 2397 2013 diximus
2439 1944 2609 2039 quae
2643 1920 2741 2007 fit
2782 1925 3154 2035 loquendi
3207 1956 3337 2011 re-

1017 2042 1197 2148 gula
1222 2100 1242 2133 ‚
1312 2042 1732 2124 dicendum
1788 2048 1959 2150 'quae
2016 2043 2512 2124 scribentibus
2565 2038 3078 2122 custodienda.
3234 2042 3330 2124 ld

1015 2160 1264 2236 Gra-ci
1303 2154 1767 2266 ὄξθεγξαιφίοιν
1818 2178 2146 2247 vocant,
2181 2183 2324 2236 nos
2366 2156 2570 2234 reite
2611 2149 2982 2232 scribendi
3025 2153 3332 2235 scienti-

1011 2294 1141 2344 am
1176 2271 1695 2347 nominemus.
1808 2270 2042 2369 Cujus
2084 2295 2204 2346 ars
2244 2295 2406 2346 non
2442 2271 2523 2344 in
2563 2265 2717 2345 hoc
2759 2263 2998 2370 posita
3041 2266 3189 2357 est,
3228 2289 3328 2349 ut

1008 2382 1455 2458 noverimus
1494 2379 1806 2487 quibus
1865 2406 2187 2486 quaeque
2250 2378 2531 2484 syllaba
2621 2376 2863 2456 literis
2962 2377 3260 2461 constet
3291 2413 3322 2462 t

1006 2488 1352 2583 (nam‘id
1409 2490 1729 2601 quidem
1795 2490 1991 2570 infra
2051 2492 2539 2598 grammatici
2577 2487 2935 2569 officium
2975 2490 3146 2587 est)
3183 2489 3324 2574 sed

1008 2621 1305 2693 totam,
1353 2623 1440 2683 ut
1483 2630 1657 2682 mea
1696 2601 1845 2681 fert
1886 2606 2158 2708 opinio
2182 2657 2202 2690 ‚
2244 2602 2742 2684 subtilitatem
2783 2604 2865 2682 in
2902 2599 3150 2683 dubiis
3182 2603 3323 2686 ha-

1011 2713 1200 2791 bet:
1271 2707 1358 2793 u't
1408 2715 1661 2821 longis
1699 2711 2001 2819 syllabis
2069 2713 2431 2795 omnibus
2496 2740 2886 2821 apponere
2955 2717 3258 2821 apicem
3289 2774 3322 2810 ‚

1005 2822 1569 2928 ineptissimum
1632 2822 1786 2914 est,
1869 2829 2050 2932 quia
2093 2824 2488 2930 ‘plurimae
2539 2848 2810 2904 natura
2873 2825 3054 2931 ipsa>
3095 2831 3320 2909 verbi

1003 2935 1224 3039 quod
1263 2936 1613 3016 scribitur
1652 2946 1965 3040 patent:
2028 2934 2157 3030 sed
2189 2942 2507 3018 interim
2540 2935 3094 3038 necessarium,
3128 2968 3319 3022 curn

1005 3043 1281 3124 eadem
1321 3048 1543 3127 litera
1604 3046 1845 3126 alium
1914 3069 2143 3155 atque
2199 3050 2438 3130 alium
2496 3048 3013 3141 intellectum,
3074 3076 3318 3158 prout

1001 3179 1364 3265 correpta
1414 3160 1567 3242 vel·
1611 3157 1988 3264 producia
2053 3162 2164 3240 est
2203 3217 2226 3254 ‚
2301 3163 2483 3243 facit
2518 3193 2541 3257 3
2630 3182 2716 3242 ut
2766 3167 2998 3244 malus
3043 3186 3316 3245 utrum

999 3271 1364 3349 arborem
1405 3270 1780 3377 significet
1803 3328 1828 3362 ,
1894 3302 1991 3352 an
2023 3273 2432 3354 ⁴hominem
2491 3302 2654 3354 non
2711 3275 3052 3366 bonum,
3088 3277 3310 3380 apice

999 3378 1511 3485 distinguitur.
1608 3387 1832 3460 Palus
1885 3384 2094 3462 aliud
2131 3391 2402 3490 priore·
2437 3386 2717 3491 syllaba
2747 3387 2985 3494 longa
3013 3417 3050 3478 ⁷,
3099 3386 3309 3468 aliud

997 3488 1346 3597 sequenti
1383 3490 1795 3599 significat:
1893 3498 1972 3572 δε
2013 3522 2196 3573 cum
2240 3495 2514 3576 eadem
2562 3499 2782 3578 litera
2819 3503 3314 3579 nominativo

999 3600 1182 3680 casu.
1242 3603 1529 3693 brevis,
1598 3602 1936 3685 ablativo
2003 3605 2236 3712 longa
2293 3608 2446 3692 est,
2506 3635 2774 3691 utrum
2843 3609 3252 3717 sequamur
3284 3667 3312 3702 ‚

870 3799 875 3808 ,
1000 3710 1436 3824 plerunque
1487 3714 1630 3794 hac
1684 3725 1868 3796 nota
1911 3718 2285 3801 monendi
2315 3719 2624 3802 sumus:
2738 3723 3124 3805 Similiter
3171 3751 3315 3829 pu-

1000 3842 1359 3906 taverunt
1402 3826 1533 3905 illa
1571 3853 1888 3936 quoque
1921 3828 2287 3914 servanda
2334 3830 2815 3926 discrimina,
2859 3857 2956 3915 ut
2988 3865 3083 3915 ex
3112 3864 3314 3942 prae-

994 3933 1466 4051 ¹politionem
1490 3993 1512 4027 ‚
1576 3938 1633 4018 fi
1691 3941 2021 4022 verbum
2071 3942 2517 4051 sequeretur
2539 3953 2812 4060 spem,
2867 3946 3157 4046 adjesta
3194 3946 3314 4027 st:-

993 4046 1269 4151 ,cundae
1324 4047 1724 4163 syllabaes
1746 4051 1969 4139 litera
1990 4081 2020 4136 3‘
2073 4053 2387 4169 fipem,
2427 4080 2740 4144 remota
2772 4056 3303 4147 scriberemus,
