3557 5113
734 259 958 402 586
1328 253 1484 360 M.
1594 257 1963 361 Fam
2076 253 3084 383 Qathrth'Nt

677 578 748 653 C
772 565 813 648 Ἀ
844 604 905 651 ι’,
963 580 1012 656 l.
1055 569 1209 649 niri
1235 564 1352 655 ,ad
1396 565 1691 646 summa
1726 561 1869 656 nist
1895 563 1997 644 eit
2040 565 2439 692 principiis
2478 591 2642 646 non
2671 557 2976 673 potest:
3029 565 3136 645 ita
3171 590 3363 673 pro-

1053 679 1433 761 cedente
1413 708 1573 780 jam
1608 704 1906 784 opere,
1993 679 2321 772 minima
2361 680 2742 783 incipiunt
2781 679 2928 759 esse
2983 704 3158 786 quae
3199 694 3365 786 pri-

1059 820 1192 873 ma
1226 790 1412 872 sunt.
1526 797 1829 887 Verum
1865 815 2009 868 nos
2046 809 2208 871 non
2247 790 2657 897 quomodo
2701 790 2793 871 fit
2853 789 3366 872 instituendus

1063 925 1371 995 orator,
1422 901 1574 982 hoc
1610 901 1793 981 loco
1833 899 2206 981 dicimus.-
2256 912 2286 998 (
2316 928 2503 984 nam
2538 900 2616 985 id
2652 901 2975 1011 quidem
3008 926 3143 982 aut
3160 903 3362 996 satis,

1062 1025 1194 1097 aus:
1225 1019 1438 1096 certe
1479 1000 1599 1095 uti
1638 1015 2034 1121 potuiinus
2071 1011 2365 1094 dietum
2403 1012 2513 1091 est
2548 1023 2579 1110 )
2666 1013 2796 1093 sed
2835 1037 2921 1094 ut
2977 1013 3383 1096 athletam.

1056 1132 1195 1238 qui
1220 1132 1484 1208 omnia
1523 1132 1679 1228 jam
1702 1111 2197 1253 perdidicerit
2222 1154 2264 1205 ιι
2284 1147 2791 1251 praeceptore,
2808 1129 3183 1206 nimirum
3204 1157 3365 1237 quo

1057 1267 1349 1350 genere
1384 1240 1957 1319 exercitationis
1996 1235 2094 1317 ad
2145 1239 2568 1318 certamina
2614 1233 3173 1344 praeparandus
3202 1242 3269 1320 s
3276 1264 3359 1330 t

1067 1357 1178 1433 ita
1220 1380 1409 1433 eum
1465 1354 1601 1459 qui
1669 1379 1790 1432 res
1835 1351 2185 1431 invenire
2241 1356 2323 1433 ὃ(
2371 1347 2775 1453 disponere
2829 1349 3056 1442 sciet,
3125 1356 3359 1434 verba

1066 1492 1390 1574 quoque
1431 1470 1509 1546 &
1547 1460 1882 1571 eligendi
1913 1459 2449 1544 &collocandi
2472 1464 2859 1541 rationem
2899 1469 3361 1572 perceperit,

1065 1578 1530 1658 instruamus
1564 1603 1709 1684 qua
1744 1577 2045 1654 ratione
2088 1601 2260 1682 quae
2294 1572 2602 1663 didicit,
2669 1572 2920 1653 facere
2974 1601 3211 1685 quam
3278 1584 3357 1657 οξ

771 1781 780 1791 ,
925 1739 946 1768 «,
1069 1694 1316 1816 ptirne
1350 1695 1428 1771 &
1461 1716 1694 1797 quam
1725 1682 2083 1766 facillime
2125 1683 2422 1792 possit.
2437 1689 2623 1764 Non
2646 1709 2845 1791 ergo
2879 1687 3207 1768 dubium
3229 1689 3360 1771 est,

1069 1805 1265 1912 quin
1300 1805 1372 1882 ei
1410 1800 1618 1885 velut
1654 1826 1842 1904 opes
1869 1797 2015 1876 smt
2066 1797 2417 1904 quaedam
2456 1798 2871 1905 parandae‚
2910 1803 3183 1909 quibus
3219 1805 3353 1891 uti,

1068 1916 1507 2021 ubicunque
1549 1910 2067 1990 desideratum
2104 1913 2287 1995 erit,
2356 1907 2601 2015 possit.
2694 1915 2815 1988 13ae
2845 1912 3183 1991 constant
3208 1939 3339 1990 co-

1068 2030 1195 2133 pia
1232 2052 1494 2105 rerum
1530 2049 1619 2103 ac
1651 2022 2094 2105 verborum
2214 2020 2371 2100 Sed
2402 2048 2524 2101 res
2558 2024 2894 2127 propriae
2919 2023 3079 2103 sunt
3106 2022 3341 2122 cujus

1072 2163 1230 2247 que
1274 2136 1530 2220 causae,
1565 2155 1692 2215 aut
1730 2135 1988 2241 paucis
2026 2160 2535 2213 communes:
2579 2135 2867 2215 verba
2848 2162 2924 2212 m
2969 2133 3354 2217 universas

1063 2247 1456 2359 paranda:
1492 2274 1662 2357 quae
1698 2245 1750 2325 si
1790 2247 2009 2326 rebus
2048 2242 2351 2350 fingulis
2409 2241 2640 2324 essent
2680 2243 2969 2351 lingula
3026 2305 3051 2340 ,
3106 2252 3351 2328 mino-

1063 2387 1241 2443 rem
1286 2385 1552 2442 curam
1629 2356 2169 2467 postularent:
2239 2383 2416 2433 nam
2462 2351 2724 2436 cuncsta
2768 2357 2914 2437 sese
2957 2388 3145 2440 curn
3189 2358 3352 2466 ipsis

1065 2474 1424 2580 protinus
1469 2472 1691 2551 rebus
1772 2469 2160 2555 offeirent.
2269 2466 2413 2547 Sed
2444 2496 2629 2549 cum
2669 2469 2813 2549 fint
2850 2472 3016 2552 aliis
3060 2473 3204 2552 alia
3232 2493 3355 2552 aut

1063 2585 1312 2688 magis
1359 2590 1694 2690 propria,
1739 2604 1872 2663 aut
1923 2584 2163 2687 magis
2204 2604 2496 2672 ornata,
2536 2580 2665 2663 aut
2704 2583 2875 2689 plus
2914 2585 3359 2674 efficientia,

1066 2717 1200 2777 aut
1234 2697 1516 2775 melius
1546 2696 1915 2785 sonantia,
1971 2692 2256 2773 debent
2293 2692 2437 2772 esse
2499 2721 2660 2774 non
2731 2694 2988 2775 solum
3038 2722 3234 2779 nota
3285 2725 3364 2777 o-

1060 2811 1300 2897 mnia,
1345 2804 1567 2885 sedin
1589 2828 1931 2911 ρτοιιιιιι,
1957 2828 2183 2914 atque
2212 2816 2240 2900 (
2266 2827 2351 2887 ut
2374 2808 2475 2883 ita
2498 2804 2894 2904 dicam)in
2920 2809 3360 2918 conspe-Ciu,

933 2984 938 2990 .
1055 2942 1148 3000 ut
1184 2947 1369 2999 cum
1411 2917 1484 2995 se
1519 2915 1807 3016 judicio
1841 2916 2165 3007 dicentis
2200 2915 2742 3009 ostenderint„
2798 2918 3040 3003 facilis
3108 2952 3212 3003 ex
3252 2923 3365 3002 his

1060 3030 1555 3139 optimorum
1599 3027 1690 3108 stt
1725 3030 2025 3109 electio
2160 3029 2537 3137 Equidem
2590 3031 2746 3110 scio
2785 3027 3175 3139 quosdam
3222 3034 3371 3114 eol

1063 3141 1303 3234 lesta,
1325 3170 1514 3252 quae
1509 3141 1729 3221 idem
1761 3140 2302 3247 fignificarent,
2323 3142 2698 3222 vocabula
2712 3141 2979 3223 solitos
3004 3147 3367 3236 ediscere,

1053 3284 1232 3363 quo
1269 3254 1568 3336 facilins
1593 3259 1677 3334 ἃ
1709 3277 2165 3333 occurreret
2206 3280 2450 3333 unum
2488 3280 2589 3333 ex
2598 3248 3017 3362 pluribus,
3084 3263 3369 3340 &cum

1041 3367 1301 3465 ‘effent
1356 3365 1468 3447 ufi
1494 3364 1831 3472 aliquo,
1894 3363 1949 3444 si
1981 3367 2215 3447 breve
2258 3367 2459 3446 intra
2506 3366 2828 3472 spatium
2862 3368 3138 3451 rursus
3186 3368 3371 3451 defi-

1057 3477 1482 3562 deraretun
1526 3474 1981 3584 effingiendae
2003 3479 2489 3584 repetitionis
2523 3481 2768 3584 gratia
2812 3478 3372 3565 sumerentah-

1057 3588 1169 3671 ud
1212 3617 1374 3698 quo
1408 3588 1623 3671 idem
1659 3588 1988 3695 intelligi
2032 3588 2297 3695 posset.
2410 3588 2643 3717 Qiod
2666 3617 2850 3671 cum
2892 3593 3004 3673 est
3037 3597 3370 3701 puerile,

1054 3707 1146 3785 δε
1180 3701 1574 3804 cujusdam
1635 3699 1959 3782 infelicis
1983 3728 2283 3808 operae,
2314 3722 2487 3781 tum
2528 3702 2763 3782 etiam
2805 3706 3004 3784 utile
3040 3736 3335 3814 parum

973 3828 978 3833 ⁴
1051 3815 1377 3896 turbam
1412 3816 1625 3893 enim
1650 3811 1896 3893 modo
1935 3836 2379 3921 congregat,
2416 3841 2517 3893 ex
2544 3840 2698 3921 qua
2717 3813 2897 3895 stne
2915 3815 3373 3900 disci-{mine

1055 3948 1392 4035 occupet
1417 3928 1874 4032 proximum
1919 3924 2309 4033 quodque
2346 3926 2595 4009 Nobis
2632 3947 2893 4008 autem
2929 3935 3165 4036 copia
3187 3956 3364 4010 m

1043 4040 1344 4149 judicio
1389 4035 1722 4148 paranda
1761 4037 1934 4119 est:
1972 4038 2133 4121 vim
2163 4037 2504 4143 orandi,
2556 4066 2724 4125 non
2778 4043 3363 4125 circulatam

3128 4150 3370 4238 volu-
