3557 5113
763 282 1002 415 270
1233 260 1380 367 M.
1529 256 1952 360 FAssit
2100 222 3246 381 Q1N'cr1L1AN1

675 564 1063 645 CnNffl,
1093 551 1518 655 imaginem
1561 536 2169 648 persequuntur,
2215 525 2365 631 ipsa
2386 580 2425 614 ‚,
2452 546 2776 633 propter
2807 551 3047 635 quam
3090 524 3375 615 dicitur,

691 662 699 679 ¹
1089 663 1412 747 victoria
1478 653 1784 732 cedunt*
1881 649 2123 750 Atqui
2185 663 2454 719 caetera
2501 666 2667 745 quae
2718 638 3099 717 'continuo
3153 644 3372 744 magis

1093 773 1467 855 orationis
1501 767 1741 844 traciu
1775 760 2241 841 decurrunt,
2309 758 2389 827 in
2452 752 2827 829 auxilium
2888 772 3116 856 atque
3173 778 3373 828 orna*

1094 906 1457 968 mentum
1497 892 2141 980 argumentorum
2207 886 2808 971 comparantur,
2861 862 3260 969 nervisque
3298 862 3375 939 il-

1099 1001 1194 1079 lis
1257 993 1531 1106 quibus
1613 979 1828 1065 causa
1899 984 2390 1066 continetur,
2459 973 2827 1077 adjiciunt
2885 974 3371 1083 superinducti

1098 1109 1447 1215 corporis
1502 1100 1889 1207 speciem:
1984 1115 2063 1171 ut
2101 1089 2156 1169 fi
2210 1091 2409 1173 forte
2468 1085 2657 1199 quid
2706 1088 2991 1165 fastum
3042 1091 3198 1175 ira,
3265 1084 3371 1164 vel

1099 1243 1367 1309 metu,
1441 1214 1567 1296 vel
1643 1206 2058 1314 cupiditate
2110 1200 2454 1289 dicatur,
2514 1200 2734 1278 latius
2803 1222 2974 1306 qua:
3035 1198 3375 1304 cujusque

1103 1332 1413 1413 affectus
1455 1347 1720 1405 natura
1765 1317 1899 1408 fit,
1957 1315 2529 1423 prosequamur.
2638 1308 2912 1389 lisdem
2953 1311 3373 1397 laudamus,

1102 1446 1576 1528 incusamu5‚
1642 1458 2061 1536 augemus,
2116 1429 2579 1505 minuimus,
2655 1420 3199 1507 describimus,
3258 1422 3375 1500 dea

1103 1579 1524 1640 terremus,
1598 1543 2049 1653 querimur,
2111 1536 2646 1624 consolamur,
2712 1533 3133 1614 hortamur.
3246 1531 3374 1613 Sed

1100 1671 1391 1748 horum
1439 1658 1581 1740 effe
1630 1678 1868 1761 opera
1914 1656 1995 1730 in
2036 1649 2258 1729 rebus
2299 1671 2430 1727 aut
2473 1651 2698 1731 certis
2726 1699 2749 1735 ‚
2815 1668 2944 1727 aut
2987 1646 3084 1725 de
3123 1646 3374 1757 quibus

1107 1802 1475 1883 tanquam
1535 1768 1759 1847 certis
1822 1763 2220 1870 loquimur
2256 1816 2276 1849 ‚
2343 1760 2617 1865 potest.
2771 1764 2935 1836 Nec
2998 1761 3374 1838 abnuerim

1098 1887 1245 1967 effe
1281 1877 1570 1991 aliquid
1616 1882 1698 1955 in
1731 1873 2236 1957 delectatione
2261 1928 2281 1961 ‚
2326 1873 2664 1950 multum
2700 1898 2889 1948 vero
2928 1874 3007 1947 in
3050 1897 3379 1949 commo«

1100 1996 1371 2081 vendis
1414 1990 1849 2071 affeetibus:
1946 1983 2074 2063 sed
2115 1982 2275 2061 haec
2334 1982 2483 2089 ’ῑρίίι
2545 1984 2714 2089 plus
2766 1981 3027 2062 valent
3081 2008 3258 2060 cum
3312 1979 3373 2057 se

1096 2104 1440 2197 didicisse
1495 2098 1725 2208 judex
1771 2117 2035 2203 putat:
2125 2093 2340 2202 quod
2382 2094 2746 2201 consequi
2794 2090 2928 2170 nisi
2987 2115 3375 2199 argumen-

1101 2225 1433 2325 tatione,
1498 2212 1797 2318 aliaque
1828 2208 1981 2287 fide
2027 2232 2290 2286 rerum
2326 2230 2487 2284 non
2536 2202 2949 2311 possumus«
3035 2210 3375 2307 Qorum

1100 2330 1545 2442 priusquam
1617 2324 1914 2429 partior
1971 2318 2251 2423 species
2293 2373 2314 2405 ‚
2371 2310 2871 2395 indicandum
2929 2340 3111 2393 reor
3146 2368 3167 2406 ‚
3250 2314 3376 2393 esse

1097 2440 1456 2553 quaedam
1519 2442 1599 2515 in
1660 2437 1882 2513 omni
1938 2430 2486 2535 probationum
2558 2451 2847 2533 genere
2920 2430 3375 2513 communia.

1099 2563 1314 2638 Nam
1355 2577 1497 2632 nec
1541 2545 1697 2627 ulla
1728 2541 2045 2654 quaestio
2083 2540 2234 2633 est,
2291 2567 2459 2648 quae
2510 2569 2670 2618 non
2708 2539 2803 2618 sit
2835 2542 3084 2618 autin
3133 2530 3240 2629 re,⁸
3266 2561 3378 2617 aut

1099 2670 1185 2748 in
1235 2663 1555 2775 persOna
1587 2689 1610 2734 ;Δ
1701 2682 1846 2735 nec
1906 2649 2049 2733 csse
2106 2673 2748 2759 argumentorum
2810 2652 2965 2731 Ioci
3035 2650 3377 2757 possunt,

1103 2778 1247 2860 nisi
1305 2782 1388 2856 in
1443 2777 1531 2852 iis
1592 2793 1761 2876 quae
1819 2765 2045 2846 rebus
2097 2786 2228 2843 aut
2281 2762 2618 2870 personis
2660 2762 3057 2845 accidunt:
3155 2790 3383 2858 eaque

1107 2913 1241 2971 aut
1296 2911 1440 2994 per
1479 2883 1558 2960 se
1597 2878 1861 2984 inspici
1914 2875 2212 2966 solent,
2260 2899 2397 2954 aut‘
2443 2874 2535 2953 ad
2585 2873 2793 2955 aliud
2840 2875 3133 2954 referri.
3232 2881 3391 2952 Nec

1099 3003 1261 3084 nlla
1296 2993 1836 3081 confirmatio,
1903 2986 2037 3065 nisi
2081 3009 2208 3066 aut
2244 3015 2339 3064 ex
2384 2985 3043 3077 antecedentibUS‚
3110 3010 3246 3065 aut
3299 3009 3389 3063 cx

1099 3104 1750 3217 consequentibus
1781 3158 1808 3192 ‚
1860 3121 1992 3178 aut
2053 3127 2150 3177 ex
2200 3099 2836 3203 repugnantibus:
2916 3104 2994 3177 ὅ(
3060 3100 3225 3178 haec
3266 3124 3389 3176 ne-

1101 3226 1296 3308 cesse
1339 3219 1448 3300 est
1475 3238 1610 3297 aut
1646 3242 1743 3292 ex
1773 3214 2165 3319 praeterito
2200 3232 2558 3315 ternpore
2581 3263 2604 3300 ‚
2668 3230 2795 3289 aut
2831 3237 2926 3288 ex
2956 3211 3389 3310 conjunclo,

1104 3335 1239 3417 aut
1271 3355 1370 3413 'ex
1424 3330 1767 3435 sequenti
1822 3343 2105 3429 petere.
2220 3325 2395 3401 Nec*
2418 3315 2577 3400 ulla
2608 3349 2726 3399 res
2762 3319 3075 3427 probari
3121 3320 3263 3400 nifi
3304 3346 3391 3397 ex

1104 3450 1252 3528 alia
1315 3439 1567 3550 potest
1601 3470 1618 3515 ε
1699 3461 1939 3542 eaque
1983 3433 2083 3513 sit
2120 3455 2443 3540 oportet·
2484 3455 2613 3512 aut
2660 3436 2917 3532 major
2950 3485 2977 3523 ,
3030 3454 3168 3512 aut
3226 3459 3357 3538 par
3369 3488 3395 3514 ,ψ

1106 3559 1556 3639 autminor.
1629 3552 2118 3654 Argumenta
2154 3572 2349 3628 vero
2383 3550 2871 3653 reperiuntur
2908 3565 3036 3623 aut
3073 3548 3165 3624 in
3210 3571 3397 3652 quat-

1107 3670 1481 3751 stionibus
1526 3720 1552 3754 ‚
1605 3683 1783 3769 ‘quae
1853 3669 2088 3739 etiam
2148 3658 2506 3764 separatae
2544 3687 2586 3737 a
2655 3657 3073 3765 complexu
3143 3682 3397 3735 rerum

1105 3782 1759 3888 perionarumque
1804 3773 2113 3876 spectari
2175 3794 2314 3877 per
2363 3771 2436 3849 se
2494 3768 2849 3875 poffintz.
2919 3791 3057 3847 aut
3107 3772 3194 3846 in
3260 3765 3399 3873 ipsa

1106 3892 1365 3980 causa,
1418 3915 1599 3966 cum
1634 3883 2029 3964 invenitur
2066 3880 2358 3990 aliquid
2389 3885 2473 3961 in
2519 3907 2607 3960 ea
2658 3905 2815 3960 non
2856 3908 2957 3960 ex
2992 3882 3397 3959 communi

1106 4008 1406 4113 ratione
1434 3998 1757 4081 ductum
1781 4051 1806 4087 ‚
1870 3994 2000 4078 sed
2045 4003 2208 4101 ejus
2256 3992 2517 4100 judicii
2548 3994 2654 4074 -de
2691 4017 2851 4102 quo
2886 3991 3400 4098 cognoscitur,

1175 4143 1182 4152 ‘
2004 4132 2029 4202 ἱ
2098 4141 2109 4172 2
2186 4139 2199 4176 ζ
3235 4127 3396 4207 pro-
