3557 5113
275 284 478 452 De
501 279 932 490 bfflit.
964 251 1688 471 Ordtorz'a,
1716 259 2014 441 [ib.
2032 259 2355 447 VII.
2542 299 2796 436 '40'9

205 599 364 686 nulla
395 604 677 680 ratione
737 599 1004 684 duetus
1044 599 1202 694 est,”
1255 605 1560 711 impetu
1619 613 1880 714 raptus
1929 604 2020 687 fit
2067 661 2090 698 ,
2151 603 2241 690 &⁵
2270 601 2423 690 abi:
2500 579 2705 692 βυτ
2746 585 2863 668 ῙῘί

207 740 318 822 que
360 713 730 822 sententiar
837 717 1045 795 Nam
1086 716 1328 825 vulgo
1376 716 1655 797 dicitur
1690 772 1715 808 ,
1777 722 2047 799 Scelera
2079 750 2221 800 non
2274 720 2408 802 ba-

200 824 317 910 bere
358 828 704 935 coq‘ilium.
796 829 925 905 An
983 829 1217 907 etiam
1278 828 1823 910 consuetudine
1880 832 2251 937 peccandi
2310 832 2404 914 fit

202 936 437 1018 ablatus.
541 935 854 1017 Excussa
905 940 1159 1046 prima
1198 963 1416 1048 parte
1448 998 1470 1026 ,
1515 969 1637 1034 Δειη
1694 942 2032 1023 voluerit
2073 980 2099 1021 .·
2153 945 2399 1053 sequiz

201 1069 289 1128 tur
313 1105 330 1135 ,
384 1078 469 1130 an
507 1054 865 1156 potuerit.
979 1055 1126 1130 Hic
1185 1047 1549 1132 tractatur
1613 1051 1853 1145 locus»,
1892 1076 2247 1164 tempus;
2310 1076 2395 1138 ut

198 1159 441 1241 furtum
467 1165 543 1240 in
580 1161 764 1242 loco
810 1159 1065 1242 clauso
1118 1163 1246 1244 vel
1310 1164 1648 1254 recluso,
1684 1159 2068 1273 frequenti
2103 1169 2227 1250 vel
2277 1167 2397 1247 so-

197 1270 293 1350 lo:
359 1294 692 1381 tempore
751 1273 879 1355 vel
943 1272 1226 1355 diurno
1276 1331 1299 1365 ,
1363 1303 1545 1355 cum
1602 1275 1826 1356 testes
1884 1277 2142 1384 plures
2185 1310 2208 1374 3
2265 1279 2393 1361 vel

192 1384 496 1467 nocturno
525 1442 549 1478 ‚
613 1414 796 1466 cum
837 1388 1091 1489 major
1139 1385 1573 1472 difficultas.
1692 1388 2198 1493 Inspiciuntur
2245 1393 2391 1470 uti-

195 1521 302 1602 que
336 1495 799 1579 difficultates
851 1502 929 1579 δε
996 1498 1429 1580 occafiones
1464 1555 1488 1589 ,
1564 1525 1734 1609 quae
1796 1498 1967 1579 sunt
2007 1495 2389 1607 plurimae,
2496 1599 2501 1602 ,

191 1606 445 1716 ideoque
484 1605 862 1716 exemplis
897 1638 1059 1691 non
1100 1634 1351 1717 egent.
1444 1613 1595 1689 Hic
1648 1609 1967 1719 sequens
2020 1611 2233 1716 locus
2284 1635 2393 1695 ta‘-

186 1716 256 1798 lis
296 1720 423 1813 est,
473 1745 555 1803 ut
619 1721 680 1803 fi
734 1722 906 1802 fieri
948 1751 1110 1803 non
1155 1725 1452 1829 potuit,
1519 1721 1803 1803 sublata
1847 1723 1937 1803 lis
1980 1722 2113 1803 fit:
2159 1725 2214 1805 fi
2254 1754 2398 1832 po<

188 1832 343 1921 tuit,
391 1832 723 1942 sequatur
765 1833 1081 1942 quaestio
1105 1890 1128 1927 ,
1187 1863 1284 1913 an
1338 1835 1624 1913 fecerit.
1737 1834 1885 1914 Sed
1941 1835 2104 1915 haec
2146 1843 2384 1918 etiam

181 1937 256 2018 ad
282 1943 479 2023 animi
526 1948 1051 2050 conjeciuram
1099 1950 1525 2053 pertinent:
1585 1974 1766 2026 nam
1813 1952 1892 2027 &
1934 1973 2032 2027 ex
2076 1947 2391 2032 hisco1-

181 2048 389 2157 ligitur
431 2085 516 2137 an
552 2058 986 2167 speraverit.
1076 2058 1261 2139 Ideo
1303 2057 1617 2165 spestari
1664 2056 1949 2139 debent
1996 2065 2076 2140 &
2119 2062 2393 2141 instru-

178 2186 387 2244 meum
416 2223 436 2257 ‚
483 2193 562 2251 ut
597 2169 862 2254 Clodii
910 2199 996 2250 ac
1048 2170 1365 2250 Milonis
1413 2172 1844 2253 comitatus.
1917 2172 2255 2276 Qaestio
2295 2173 2395 2252 an

173 2273 439 2371 fecerit,
482 2285 755 2393 incipit
808 2310 851 2362 a
909 2281 1244 2365 secundo
1301 2303 1655 2388 tempore
1697 2338 1719 2371 ‚
1785 2280 1869 2360 id
1909 2281 2019 2359 est
2078 2282 2394 2388 praesen-7

175 2388 270 2464 ti:
319 2416 388 2470 ac
439 2389 710 2475 deinde
753 2396 1166 2495 conjuncto
1194 2450 1216 2484 ‚
1268 2389 1609 2500 quorum
1659 2394 1829 2472 sunt
1881 2391 2105 2473 sonus
2149 2450 2173 2486 ‚
2240 2394 2391 2474 cla-

171 2523 351 2607 mor,
392 2510 715 2612 gemitus
756 2536 774 2586 t
848 2505 1309 2615 insequenti,
1352 2505 1677 2586 lati‘tatio
1717 2563 1739 2591 ,
1820 2527 2073 2585 metus
2106 2563 2129 2597 ‚
2194 2505 2394 2588 slmi-
2431 2512 2442 2524 ’

170 2606 262 2688 lia.
352 2617 473 2696 His
534 2617 908 2700 accedunt
964 2618 1174 2730 figna
1211 2674 1233 2709 ‚
1299 2618 1396 2698 de
1452 2614 1724 2726 quibus
1791 2618 2198 2697 traciarum
2255 2619 2384 2700 est.

169 2723 368 2803 Verba
400 2734 624 2810 ctiam
683 2738 761 2813 δι
812 2730 1043 2823 facta,
1078 2757 1399 2841 quaeque
1442 2730 2032 2818 antecesserunt,
2060 2757 2387 2841 quaeque

165 2830 428 2918 insecuta
460 2840 651 2923 sunt.
768 2843 968 2935 Haec‘-
1000 2844 1128 2923 aut
1185 2841 1440 2921 nostra
1479 2841 1685 2926 sunt,
1727 2864 1858 2921 aut
1905 2841 2169 2949 aiiena.
2198 2944 2203 2949 ἢ
2235 2841 2414 2923 Sed

161 2945 340 3029 verba
372 2958 601 3063 magis
667 2948 997 3045 nocent,
1045 2976 1170 3034 aut
1226 2946 1494 3035 minus.
1612 2950 1855 3062 Magis
1922 2964 2228 3063 'nocent
2301 2962 2381 3035 δε

160 3058 360 3139 minus
432 3065 751 3171 prosunt
797 3066 1093 3149 nostra,
1156 3091 1390 3171 quam
1438 3064 1679 3143 aliena
1754 3095 1770 3142 ε
1886 3068 2130 3171 magis
2203 3095 2386 3172 pro-

159 3162 286 3246 sunt
353 3176 426 3252 &
481 3182 738 3256 minus
794 3201 1078 3258 nocent
1151 3177 1395 3255 aliena
1447 3232 1470 3260 ‚
1551 3202 1785 3284 quam
1846 3176 2123 3254 nostra.
2192 3183 2386 3291 ’Ἔα-

155 3275 246 3353 &a
293 3308 531 3365 autem
637 3291 959 3372 interim
1023 3291 1267 3394 magis
1338 3284 1661 3392 prosunt
1733 3286 1988 3365 nostra
2053 3342 2076 3377 ,
2142 3290 2386 3389 *inte-

151 3389 276 3466 rim
337 3396 567 3477 aliena
621 3430 642 3477 ς
730 3404 826 3479 ut'
905 3398 961 3479 fi
1026 3397 1212 3508 quid
1270 3397 1481 3506 quod
1551 3426 1700 3507 pro
1755 3398 1978 3477 nobis
2021 3386 2167 3481 fit}
2254 3397 2386 3479 ad-

142 3499 454 3607 versarius
515 3509 726 3591 fecit.
843 3517 1165 3617 Semper
1217 3538 1410 3589 vcro
1476 3515 1716 3620 magi‘s
1775 3516 2063 3588 nocent
2118 3508 2376 3590 nostrii

143 3632 344 3714 quam
377 3618 630 3700 aliena.
709 3622 834 3704 Est
891 3629 970 3705 &
1022 3623 1155 3702 illa
1206 3625 1288 3701 in
1336 3622 1588 3704 verbis
1634 3620 2109 3712 differentia,
2161 3622 2373 3730 quod

137 3744 253 3803 aut
290 3753 518 3833 aperta
557 3730 781 3825 sunt,
843 3758 981 3815 ⁴aut
1031 3733 1314 3816 dubia·
1432 3738 1578 3814 Seu
1642 3732 1900 3813 nostra
1961 3732 2086 3837 seu
2120 3732 2377 3815 'aliena

129 3828 275 3913 sunt
340 3896 363 3930 ,
481 3843 920 3926 infirmiora
1005 3848 1132 3927 in'
1180 3842 1604 3953 utrumque
1672 3845 1816 3925 fint
1898 3845 2187 3929 necesse
2272 3844 2381 3949 est

127 3940 369 4028 dubia}
433 3974 708 4035 tamen
753 3956 1012 4038 nostra
1058 3954 1247 4063 saepe
1292 3962 1537 4066 magis
1580 3976 1916 4038 nocent:
1973 3960 2059 4067 u‘t
2106 3961 2190 4038 in
2224 3950 2380 4036 ma

118 4066 605 4149 controverfia
645 4100 672 4163 3
735 4070 1250 4177 Interrogatus
1275 4100 1282 4107 ·
1305 4069 1508 4148 fflius
1558 4070 1688 4150 ubi
1752 4069 1933 4152 esset
1983 4066 2228 4177 pater,
2263 4066 2381 4145 di‘-

1368 4182 1421 4260 F
1448 4178 1567 4279 fs
1904 4202 1905 4205 ‘
2212 4178 2382 4270 xit3
