3557 5113
760 246 951 376 ‘88
1344 241 1498 350 M.
1606 245 1983 349 FAntt
2125 239 3119 372 QthT1L1AN1

656 543 789 618 CA
822 564 881 617 ι».
923 540 1051 619 lv.
1087 528 1157 611 (ὲ
1229 530 1606 638 per-[iiafio
1654 529 2086 613 innascitur.
2206 532 2366 607 Erit
2433 526 2652 608 suum
2733 526 3092 632 parandae
3154 492 3387 631 facili-

672 643 689 664 '
1083 647 1220 723 tati
1313 668 1616 752 tempus
1652 700 1675 735 ,
1775 670 1919 723 nec
1999 669 2042 720 a
2117 641 2341 719 nobis
2428 640 2915 746 negligenter
2985 641 3196 720 locus
3259 639 3391 719 iste

1083 754 1540 837 transibitur.
1649 757 1971 836 Interim
2027 750 2204 833 -satis
2258 750 2415 841 est,
2478 750 2538 831 fi
2610 779 2805 858 puer
2874 757 3098 832 omni
3160 780 3394 842 cura,

1081 870 1162 948 ὃ(
1216 866 1522 948 summo
1592 878 2004 975 (quantum
2050 885 2223 944 aetas
2273 863 2403 942 illa
2450 865 2712 968 capit)
2776 862 3040 944 labore
3102 861 3394 971 aliquid

1081 979 1481 1085 probabile
1527 976 1940 1086 scripserit:
2007 978 2089 1054 in
2136 977 2288 1053 hoc
2354 972 2743 1066 assuescat,
2794 974 3013 1078 hujus
3086 978 3200 1054 rei
3258 974 3391 1054 fibi

1083 1115 1437 1185 naturam
1483 1091 1727 1170 faciat.
1825 1087 1959 1168 Ille
2025 1086 2345 1167 demum
2412 1090 2495 1165 in
2558 1084 2642 1165 id
2692 1086 2905 1194 quod
2951 1089 3390 1194 quaerimus,

1089 1225 1217 1281 aut
1288 1207 1360 1282 ei
1420 1205 1877 1309 proximum
1944 1202 2229 1305 poterit
2293 1197 2660 1280 evadere,
2745 1202 2880 1307 qui
2929 1221 3105 1277 ante
3157 1196 3395 1277 discet

1092 1316 1299 1392 reste
1345 1312 1601 1394 dicere
1628 1370 1651 1404 ,
1723 1339 1957 1423 quam
2014 1314 2192 1388 cito.
2283 1311 2872 1390 Narrationibus
2932 1337 3096 1388 non
3162 1311 3394 1388 inuti-

1091 1426 1270 1503 liter
1302 1425 1775 1531 subjungitur
1822 1449 2012 1528 opus
2064 1418 2497 1500 destruendi
2543 1420 3392 1528 confirmandique-ea&

1086 1536 1300 1645 quod
1354 1527 1684 1624 α’νωσκευῆ
1732 1542 1808 1616 ὅ(
1881 1526 2275 1622 zaraa-xa?
2329 1555 2671 1614 vocatur.
2783 1531 2871 1612 Id
2922 1561 3166 1638 porro
3229 1561 3402 1611 non

1092 1670 1398 1726 tantum
1456 1652 1535 1727 in
1582 1644 1936 1727 fabulofis
1996 1649 2072 1724 &
2120 1647 2462 1723 carmine
2511 1636 2816 1724 ⁸traditis
2863 1643 3034 1722 fieri
3089 1645 3400 1749 potest,

1088 1786 1365 1839 verum
1427 1762 1662 1838 etiam
1716 1758 1798 1837 in
1867 1752 2040 1860 ipsis
2085 1756 2478 1836 annalium
2537 1758 3067 1835 monumentis
3092 1787 3123 1834 ε.
3177 1778 3263 1833 ut
3346 1754 3400 1836 fi

1088 1892 1512 1976 quaeratur:
1591 1897 1690 1948 an
1732 1867 1823 1947 fit
1892 1864 2260 1949 credibile
2323 1865 2542 1972 super
2591 1889 2834 1973 caput
2896 1867 3194 1968 Val'erij.
3256 1896 3401 1972 pu·
3447 1958 3454 1964 ,

1088 1983 1396 2087 gnantis
1442 1977 1698 2058 sedisse
1747 2005 2113 2067 corvum,
2169 1980 2302 2087 qui
2349 2006 2437 2058 os
2474 1977 2887 2086 oculosque
2934 1976 3170 2058 hostis
3209 1981 3400 2059 Gal-

1090 2090 1145 2168 li
1208 2092 1457 2172 rostro
1501 2113 1726 2197 atque
1767 2088 1905 2171 alis
1939 2090 2461 2182 everberaret3
2513 2088 2602 2169 sit
2651 2094 2732 2168 in
2771 2113 3175 2197 utramque
3216 2119 3408 2196 par-

1093 2223 1257 2282 tem
1304 2207 1573 2311 ingens
1632 2198 1730 2285 ad
1797 2199 2218 2299 dicendum
2276 2203 2636 2281 materia:
2738 2229 2832 2281 ac
2878 2200 2976 2280 de
3044 2201 3404 2308 serpente

1092 2340 1251 2417 quo
1298 2318 1552 2420 Scipio
1608 2311 1934 2393 traditur
1973 2315 2323 2418 genitus,
2388 2318 2464 2393 δ(
2507 2312 2688 2420 lupa
2731 2312 3058 2392 Romuli
3087 2369 3124 2404 „
3171 2314 3260 2393 ’δε
3310 2320 3406 2394 Ε-

1079 2429 1295 2528 geria
1354 2419 1655 2507 Numer.
1747 2430 1959 2505 Nam
2002 2426 2286 2504 Graecis
2325 2423 2655 2526 historijs
2691 2425 3162 2533 plerumque
3202 2454 3404 2531 poe-

1092 2538 1261 2618 ticae
1317 2535 1580 2618 similis
1641 2535 1749 2616 est
1803 2532 2143 2618 licentia.
2237 2539 2447 2644 Saepe
2502 2540 2739 2616 etiam
2774 2540 3011 2645 quaeri
3058 2535 3252 2616 solet
3304 2538 3407 2620 de

1092 2668 1450 2764 tempffe
1476 2705 1498 2741 ‚
1564 2647 1661 2729 de
1714 2648 1945 2738 loc0,
2007 2673 2188 2754 quo
2200 2648 2408 2755 gesta
2435 2676 2564 2727 -res
2613 2647 2912 2729 dicitur.
2999 2655 3406 2731 Nonnun-

1090 2785 1327 2864 quam
1381 2759 1478 2840 de
1548 2757 1867 2870 persona
1926 2751 2521 2876 quoqueffi'ficut
2578 2760 2842 2852 Livius
2885 2759 3413 2868 'frequentissi-

1094 2898 1223 2976 me
1268 2868 1606 2960 dubitat,
1672 2865 1749 2953 ’δε
1797 2870 1920 2966 a‘h‘j
1984 2870 2078 2951 ab
2123 2869 2285 2970 ahjs
2339 2870 2694 2954 historici
2736 2869 3197 2952 dissentiunt.
3289 2880 3412 2956 ln-

1093 2980 1191 3060 de
1240 2982 1626 3085 paulatim
1716 2981 1812 3061 ad
1875 2981 2168 3084 majora
2258 2977 2575 3072 tendere
2641 2986 2959 3094 incipiet
2990 3041 3013 3075 ,
3077 2984 3412 3068 laudare

1093 3091 1338 3172 claros
1395 3098 1602 3174 viros
1653 3149 1675 3183 ,
1740 3100 1819 3175 &
1881 3097 2316 3204 vituperare
2367 3095 2843 3203 improbos:
2936 3097 3156 3205 quod
3223 3127 3414 3181 non

1088 3201 1454 3313 simplicis
1512 3206 1852 3290 utilitatis
1899 3233 2093 3313 opus
2134 3205 2263 3288 est.
2416 3211 2779 3317 Namque
2837 3212 2918 3291 ὅ(
2988 3212 3416 3315 ingenium

1094 3340 1496 3396 exercetur
1568 3316 1985 3423 multiplici
2053 3321 2414 3426 variaque
2485 3321 2858 3411 materia,
2943 3325 3023 3402 ὅ(
3092 3325 3424 3403 animus

1080 3428 1757 3530 ,contemplatione
1818 3425 2004 3506 recti
2070 3433 2442 3539 pravique
2527 3429 2950 3523 formatur,
3016 3439 3094 3512 &
3137 3436 3422 3516 multa

1092 3536 1273 3620 inde
1334 3541 1681 3650 cognitio
1733 3567 1996 3619 rerum
2044 3544 2308 3622 venit:
2381 3543 2952 3650 exemplisque,
2998 3570 3166 3651 qua:
3223 3545 3426 3630 sunt

1090 3647 1175 3726 in
1250 3653 1474 3732 omni
1536 3676 1822 3758 genere
1855 3649 2274 3762 ⁸causarum
2344 3652 2867 3757 potentissima
2905 3711 2926 3739 ‚
2987 3658 3142 3755 jam
3222 3679 3428 3742 tum

1085 3758 1527 3851 instruitur,
1594 3787 1782 3842 curn
1809 3789 1943 3842 ,res
2002 3762 2263 3868 poscet
2324 3763 2604 3844 ussurus.
2743 3768 2950 3846 Hinc
3016 3765 3144 3846 illa
3190 3796 3428 3878 quo..

1086 3895 1235 3978 que
1297 3873 1745 3956 exercitatio
1789 3872 1992 3952 subit
2062 3879 2661 3982 comparationis
2691 3930 2714 3965 ,
2805 3898 2978 3957 uter
3046 3880 3375 3964 melior
3399 3945 3425 3973 ,

1073 4004 1342 4067 uterve
1397 3982 1774 4070 deterior:
1870 4010 2040 4094 quae
2092 4011 2532 4096 quanquam
2581 3986 2916 4071 versat‘ur
2956 3992 3041 4070 in
3077 3996 3431 4080 ratione

3163 4101 3436 4192 sunr-
