3557 5113
246 169 983 451 Debfiit.
1012 240 1737 424 Omma,
1747 233 2048 402 Libss
2067 236 2350 397 XII
2355 364 2382 392 .
2587 267 2830 432 757
2899 385 2904 390 ,

203 543 441 652 igitur
478 566 716 620 nemo
773 536 1222 618 mortalium
1283 535 1774 620 contendet:
1837 539 2062 621 hunc'
2098 564 2185 623 ut
2233 539 2472 626 deum
2493 533 2680 610 Cn.
2713 526 2823 618 X.
2887 543 2892 553 “

202 656 559 733 homines
616 653 1127 730 intuebuntur.
1218 654 1439 730 Hanc
1494 655 1656 732 vim
1723 658 1804 732 δε
1853 653 2328 735 celeritatem
2389 659 2472 738 in

200 766 485 845 Pericle
524 768 844 842 miratur
881 760 1194 868 Eupolis
1233 816 1256 853 ,
1321 762 1519 841 hanc
1552 763 1994 844 fulminibus
2021 766 2479 874 'Aristopha-

200 901 334 956 nes
380 898 777 979 comparat
815 912 838 950 .-
895 873 1055 952 harc
1079 874 1188 952 est
1208 895 1386 955 vera
1420 872 1727 954 dicendi
1766 875 2096 957 facultas.
2163 881 2309 960 Sed
2345 909 2476 960 ne-

198 1011 354 1095 que
412 987 529 1066 his
585 985 824 1064 tribus
882 984 1090 1091 quali
1158 985 1424 1064 formis
1482 985 1769 1065 inclusa
1837 987 2296 1096 eloquentia·
2345 993 2475 1072 est.

196 1103 406 1179 Nam
441 1118 526 1177 ut
567 1098 766 1174 inter
786 1096 1070 1202 gracile
1096 1093 1596 1202 validumque
1631 1103 1949 1177 tertium
1980 1101 2267 1207 aliquid
2298 1107 2478 1183 c'on'-

194 1210 550 1290 stitutum
592 1208 703 1286 est
737 1239 754 1286 ε
814 1212 914 1285 ita
955 1208 1236 1286 horum
1274 1205 1674 1288 intervalla
1698 1207 1895 1290 sunt.
1981 1216 2240 1320 Atque
2278 1216 2481 1296 iuter

192 1321 356 1403 haec
406 1320 564 1426 ipsa
609 1317 919 1397 mistum
957 1309 1332 1425 quiddam
1377 1343 1478 1396 ex
1511 1316 1807 1399 duobus
1844 1319 2193 1401 medium
2218 1324 2329 1402 est
2349 1353 2482 1406 eo-

189 1459 395 1514 rum.
492 1433 700 1510 Nam
744 1433 825 1509 &
867 1427 1117 1509 subtili
1150 1429 1456 1538 plenius
1490 1429 1784 1536 aliquid
1828 1431 2470 1539 atque'subtiliuS,

186 1549 273 1629 ὅ(
313 1542 763 1627 vehementi
794 1540 1166 1621 remiffius
1209 1562 1441 1648 atque
1480 1540 2011 1624 vehementius
2056 1549 2474 1629 invenitur:

184 1652 510 1737 utillud
562 1653 738 1733 lene
771 1673 906 1732 aut
949 1650 1288 1734 ascendit
1316 1650 1427 1732 ad¹
1455 1652 1782 1733 fortiora
1817 1709 1841 1744 ‚
1885 1677 2015 1734 aut
2047 1655 2142 1734 ad
2180 1659 2483 1738 tenuioss-

185 1794 275 1848 ra
319 1766 875 1846 summittitur:
942 1792 1061 1845 ac‘
1098 1762 1198 1843 fic
1235 1791 1482 1870 prope
1531 1766 2130 1846 innumerabiles
2194 1768 2479 1875 species

181 1879 685 1985 reperiuntur
731 1930 755 1966 ,
818 1902 993 1982 quae
1039 1879 1305 1982 utique
1349 1871 1611 1984 aliquo
1664 1902 2081 1958 momento
2128 1881 2338 1959 inter
2400 1879 2476 1959 se

180 1989 597 2073 differant:
642 1985 831 2066 ficut
862 2006 1190 2089 quatuor
1215 2006 1487 2067 ventos
1534 1986 1991 2092 generaliter
2031 2015 2073 2067 a
2139 1988 2475 2071 totidem

174 2097 475 2193 mundi
506 2095 940 2178 cardinibus
977 2100 1404 2204 accepimus
1440 2096 1624 2178 flare
1647 2151 1674 2190 ,
1735 2125 1914 2178 cum
1951 2104 2268 2181 interim
2298 2101 2474 2208 plu-¹

176 2214 378 2296 rimi
419 2207 656 2290 medii
673 2233 953 2289 eorum
984 2262 1010 2294 .
1067 2215 1431 2290 varietate
1478 2213 1889 2315 regionum
1925 2238 2015 2290 ac
2066 2211 2478 2296 flaminum

174 2325 516 2438 proprie
545 2317 1242 2427 deprehendantur.
1308 2316 1753 2428 Eademque
1782 2319 2088 2402 musteis
2121 2327 2320 2404 ratio
2341 2325 2477 2409 est.

172 2440 320 2546 qui
361 2460 547 2514 curn
580 2435 659 2512 in
695 2431 983 2512 cithara
1012 2437 1355 2540 quinque
1394 2431 2215 2514 constituerunt'sonos
2246 2490 2269 2527 ,
2306 2434 2480 2542 plu-

178 2548 389 2632 rima
442 2541 720 2626 deinde
760 2545 1137 2627 varietate
1167 2542 1831 2652 complent'spatia
1867 2543 1994 2625 illa
2025 2572 2469 2634 nervorum.

170 2683 422 2769 atque
463 2660 554 2737 iis
591 2681 787 2764 quos
826 2654 1445 2763 interposuerunt
1467 2710 1491 2747 ,
1554 2653 1889 2735 inserunt
1927 2656 2159 2748 alios,
2183 2681 2270 2739 ut
2291 2685 2474 2766 pau·

178 2777 255 2855 ci
292 2770 415 2851 iffi
457 2764 808 2848 tranfitus
837 2767 1127 2849 multos
1152 2766 1433 2874 gradus
1473 2765 1819 2848 habeant.
1939 2768 2197 2850 Plures
2231 2774 2474 2877 igitur

181 2887 431 2973 etiam
472 2877 937 2988 eloquentiae
974 2879 1202 2973 facies
1257 2934 1281 2964 ‚
1320 2918 1325 2923 ⁴
1372 2875 1519 2958 sed·
1570 2876 2088 2960 stultiffimum
2131 2891 2478 2990 quaer‘ere

176 2993 284 3081 ad
318 3018 568 3105 quam
604 2992 936 3071 recturus
976 2990 1049 3070 se
1090 2989 1183 3070 fit
1230 2991 1501 3070 dratbr
1531 2994 1567 3066 .·'
1619 2990 1829 3068 cuni·
1859 2992 2115 3070 omnis
2160 2991 2469 3098 species,

174 3133 360 3217 quae
400 3101 661 3186 modo
706 3102 910 3182 recta
939 3101 1049 3182 est
1091 3155 1118 3192 ‚
1160 3100 1436 3179 habeat
1482 3096 1699 3179 usum
1732 3153 1755 3190 ,
1814 3121 2049 3207 atque
2091 3101 2174 3181 id
2230 3100 2494 3208 ipsum·

179 3244 429 3299 omne
469 3213 570 3297 fit
604 3217 932 3294 oratoris
964 3269 988 3297 ,
1046 3210 1523 3321 quod·vulgo
1565 3234 1804 3315 genus
1838 3209 2149 3292 dicendi
2179 3234 2482 3296 vocant.

172 3334 470 3415 Utetur
516 3324 795 3416 enim}
849 3342 932 3406 ut
966 3351 1090 3405 res
1122 3326 1436 3430 exiget,
1488 3321 1851 3417 omnibus
1873 3326 2112 3408 :nec
2131 3351 2279 3433 pro
2312 3328 2491 3407 cau'-

168 3441 263 3523 fi
306 3438 572 3521 modo
612 3474 633 3523 ‚⁴
703 3435 1396 3544 std1pr0·parribus
1431 3431 1710 3514 causae.
1754 3436 1984 3549 'Nam
2028 3456 2112 3515 ut
2151 3450 2483 3518 non-eov-

187 3550 379 3632 dem
420 3547 700 3632 modo³
723 3574 869 3655 pro
892 3550 1041 3627 ‘reo‘
1083 3550 1396 3653 capitis',
1450 3550 1529 3626 ὃ(
1571 3547 1654 3623 in
1678 3548 2115 3627 certamine
2170 3548 2492 3629 haeredi-

192 3665 376 3742 tatis
417 3718 441 3746 ‚
509 3666 594 3742 ὃ(
637 3659 735 3741 de
781 3660 1197 3741 interdictis
1241 3687 1328 3738 ac
1370 3654 1942 3763 spon'fiom‘bus‚
1992 3660 2070 3739 ’δε
2123 3659 2220 3741 de
2283 3681 2496 3741 certa

176 3770 942 3861 recreditadicet}
968 3798 973 3807 ⁴
1003 3770 1551 3851 sententiarum
1603 3769 1687 3846 in
1733 3769 1994 3849 senat'u
2020 3828 2039 3861 ,
2079 3776 2156 3854 &
2186 3766 2502 3853 concid-

190 3911 400 3965 num
428 3888 466 3973 '3
514 3890 523 3897 ’
640 3884 706 3988 ’ρ’
738 3886 1131 3997 ivatorumJ
1166 3880 1661 3989 cdnfllibrurn
1701 3876 2500 3985 stfvabit‘discrir'nina5

192 3994 465 4091 multa
517 4020 618 4078 ex
658 3993 1105 4081 differentia·
1119 3992 1619 4105 pei-sonarum
1655 4043 1682 4079 ,
1704 3988 2092 4082 'lucorum
2112 4051 2141 4091 ‚
2155 4001 2174 4051 ‘-
2201 3990 2510 4097 temp&-

172 4142 179 4149 ·
214 4124 217 4131 ’
964 4184 995 4192 -
1445 4109 1569 4190 Cc
1595 4127 1768 4189 ccc
2294 4128 2509 4191 mah
