3557 5113
781 288 1024 447 456·
1211 397 1218 403 .
1339 299 1570 403 ἱΜ.
1653 262 2041 403 ἘΑΒιι
2149 286 3113 430 chTiLiAjNi

2820 505 2859 531 N.

709 631 820 707 CA
834 653 894 705 ι».
939 608 1100 714 ΙΙΙ,Ι
1115 604 1444 718 -e'pistola
1488 608 1788 703 scribit5
1854 616 2045 689 Nam
2085 608 2557 721 eloquentiam
2589 665 2610 693 ,
2669 636 2813 720 qua
2864 603 3367 688 admirationem

1121 740 1261 806 iton
1299 721 1508 804 habet
1530 778 1552 812 ,
1595 724 1859 802 nudam
1884 720 2151 830 judico.
2245 718 2694 802 Aristoteles
2734 746 3041 828 quoque
3076 716 3365 799 candem

1123 834 1543 945 petendam
1595 836 1940 912 maxime
1998 853 2233 938 putat.
2297 831 2444 914 Sed
2481 834 2608 913 hic
2648 855 2964 914 ornatus
3002 841 3363 936 (repetam

1122 952 1379 1044 enim)
1443 946 1681 1027 virilis
1711 999 1733 1036 ‚
1781 949 1859 1026 &
1898 944 2160 1028 fortis,
2205 949 2285 1026 &
2343 943 2633 1025 lanssus
2678 942 2764 1025 stt
2812 976 2831 1022 ε
2886 972 3034 1025 nec
3075 942 3367 1024 efflemi«

1121 1082 1387 1138 natam
1448 1060 1860 1141 laevitatem
1911 1112 1935 1147 ,
2017 1062 2097 1138 δε
2154 1055 2337 1137 fuco
2408 1058 2877 1139 ementitum
2939 1057 3272 1137 colorem
3301 1082 3357 1132 a·

1119 1162 1287 1251 met
1326 1200 1350 1267 3
1413 1168 1772 1277 sanguine
1816 1174 1892 1249 &
1936 1168 2221 1252 viribus
2278 1170 2542 1266 niteat.
2677 1173 2854 1249 Hoc
2894 1193 3149 1248 autem
3201 1165 3360 1246 adeo

1119 1275 1400 1365 verum
1458 1282 1568 1362 est
1606 1337 1631 1373 ,
1682 1302 1768 1362 ut
1807 1308 1989 1361 cum
2046 1283 2128 1359 in
2161 1278 2305 1360 hac
2362 1281 2703 1360 maxime
2761 1302 2979 1385 parte
3022 1278 3164 1359 sint
3211 1282 3355 1357 vici-

1119 1386 1226 1476 na
1265 1395 1677 1477 virtutibus
1722 1396 1912 1476 vitia
1942 1446 1969 1482 ,
2019 1394 2255 1474 etiam
2321 1395 2454 1498 qui
2513 1392 2716 1474 vitiis
2766 1414 3130 1483 utuntur,
3164 1396 3357 1472 virtu·

1121 1508 1250 1587 tis·
1281 1528 1546 1587 tamen
1606 1505 1724 1585 his
1774 1530 2072 1583 nomen
2129 1505 2556 1609 imponant.
2695 1508 2961 1600 Quare*
3007 1530 3236 1583 nemo
3278 1526 3359 1579 cx

1116 1621 1501 1723 corruptis
1555 1615 1801 1703 dicat,
1852 1641 1982 1695 me
2033 1615 2446 1695 inimicum
2497 1614 2643 1695 elle
2698 1614 2905 1694 culte
2950 1611 3354 1696 dicentibus.

1115 1736 1305 1811 Non
1366 1754 1570 1834 nego
1633 1727 1830 1805 hanc
1890 1723 2033 1805 effe
2094 1730 2461 1807 virtutem
2503 1782 2527 1818 ‚
2617 1724 2746 1805 sed
2807 1727 2960 1805 illis
3015 1754 3173 1806 eam
3216 1751 3358 1803 non

1117 1835 1391 1922 tribuo.
1507 1844 1634 1917 An
1694 1864 1845 1942 ego
1886 1835 2214 1917 fundum
2269 1837 2682 1917 cultiorem
2715 1859 2987 1943 putem
3018 1895 3041 1933 ,
3085 1843 3158 1916 in
3211 1862 3355 1943 quo

1113 1951 1314 2032 mihi
1351 1953 1522 2058 quis
1573 1948 1994 2030 ostenderit
2034 1948 2194 2028 lilia
2236 1953 2315 2029 ὅ(
2366 1948 2606 2031 violas
2639 2004 2663 2040 ‚
2717 1955 2796 2029 &
2836 1976 3165 2031 amoenos
3196 1947 3349 2026 fon-

1111 2075 1226 2142 tes
1263 2060 1704 2168 surgentes,·
1749 2087 1987 2167 quam
2050 2060 2183 2139 uhi
2260 2060 2486 2165 plena
2552 2058 2810 2141 messis
2855 2116 2881 2152 ,
2940 2083 3071 2141 aut
3122 2083 3353 2168 graves

1107 2171 1362 2254 frustu
1414 2176 1608 2253 vites
1666 2196 1897 2253 erunt
1950 2171 1973 2251 ἓ
2069 2173 2425 2252 Sterilem
2477 2174 2876 2277 platanum
2913 2229 2938 2265 ,
2994 2171 3358 2278 tonsasque

1105 2286 1412 2393 myrtos
1438 2341 1463 2376 ,
1525 2312 1762 2392 quam
1801 2285 2163 2365 maritam
2201 2284 2508 2368 ulmum
2548 2290 2629 2366 ὅ(
2670 2285 2934 2365 uberes
2962 2287 3171 2365 oleas
3198 2309 3360 2390 prae-

1107 2402 1541 2503 optaverim
1586 2399 1607 2476 ?
1663 2396 2015 2477 Habeant
2071 2393 2198 2475 illa
2252 2394 2526 2478 divites
2593 2424 2610 2470 :
2667 2396 2851 2477 licet
2899 2396 3091 2505 quid
3131 2395 3359 2482 essent,

1103 2505 1161 2588 fi
1219 2506 1420 2590 aliud
1478 2506 1675 2587 nihil
1745 2507 2118 2588 haberent
2164 2507 2186 2586 ἓ
2271 2506 2645 2588 Nullusne
2695 2535 2885 2615 ergo
2944 2531 3185 2589 etiam
3231 2507 3365 2587 fru-

1099 2618 1379 2702 &riseris
1424 2615 1894 2700 adhibendus
1949 2618 2059 2699 est
2088 2615 2333 2698 decor
2378 2618 2400 2697 ?
2456 2625 2625 2725 quis
2671 2622 2974 2727 negat-2
3043 2627 3245 2700 Nam
3294 2624 3362 2698 &

1095 2724 1177 2811 in
1213 2728 1574 2810 ordinem
1615 2754 1976 2837 certaque
2036 2730 2437 2809 intervalla
2483 2731 2828 2837 redigam
2870 2760 2999 2813 eas
3051 2734 3359 2813 arbores.

1011 2935 1018 2938 4
1095 2842 1303 2943 Qid
1349 2844 1559 2923 enim
1605 2842 1745 2921 illo
1794 2847 2221 2948 quincunce
2277 2840 2674 2947 speciosius
2698 2899 2720 2933 ,
2762 2849 2944 2952 qui,
2992 2849 3085 2925 in
3121 2871 3363 2953 quam·

1096 2982 1397 3061 cunque
1433 2955 1758 3057 partem'
1789 2953 2238 3060 spestaveris
2265 3008 2289 3043 ‚
2337 2955 2586 3035 festus
2647 2954 2756 3034 est
2814 2959 2837 3036 ἓ
2935 2956 3094 3037 Sed
3148 2958 3362 3065 proti‘

1093 3081 1235 3146 nus
1278 3069 1357 3144 in
1393 3064 1473 3143 id
1507 3091 1817 3172 quoque
1857 3065 2168 3171 prodest
2201 3121 2225 3152 ,
2265 3087 2354 3145 ut
2404 3088 2638 3166 terrae
2697 3066 3011 3149 succum
3070 3067 3354 3178 aequali-

1094 3199 1213 3258 ter
1263 3177 1587 3256 trahant.
1681 3182 2080 3283 surgentia
2120 3180 2203 3257 in
2236 3178 2482 3258 altum
2524 3184 2923 3260 cacumina
2962 3179 3193 3271 oleae,
3235 3179 3361 3259 fet-

1088 3282 1182 3368 ro
1240 3288 1615 3368 coe‘rcebo
1650 3320 1684 3379 2⁴
1725 3292 1808 3365 in
1846 3289 2124 3370 orbem
2163 3287 2236 3368 se
2269 3289 2673 3372 formosius
2729 3291 3003 3372 fundet
3021 3348 3044 3384 ,
3088 3300 3173 3376 &
3208 3319 3369 3398 pro-

1009 3417 1028 3428 ·
1090 3402 1291 3479 tinus
1334 3399 1670 3479 frustum
1722 3401 1968 3479 ramis‘
1981 3399 2323 3506 pluribus
2355 3401 2582 3496 feret,
2636 3407 3093 3508 Decentiof
3102 3425 3375 3514 equus,

1091 3511 1306 3609 cujus
1345 3509 1694 3591 adstricta
1737 3507 1907 3592 sunt
1950 3512 2075 3592 ilia
2109 3542 2130 3607 ;
2182 3510 2312 3593 sed
2349 3513 2561 3593 idem
2596 3514 2958 3597 velocior.
3042 3519 3374 3598 Pulcher

1090 3618 1392 3728 aspectu
1432 3619 1522 3701 sit
1574 3618 1904 3709 athleta,
1950 3627 2161 3727 cujus
2212 3622 2535 3706 lacertos
2586 3631 3035 3709 exercitatio
3078 3627 3379 3738 expres·

1081 3728 1177 3811 fit
1207 3761 1244 3827 ‘3
1296 3730 1508 3812 idem
1564 3737 1973 3826 certamini
2014 3739 2373 3843 paratior.
2465 3743 2889 3848 Nunquam
2960 3765 3159 3823 vera
3220 3743 3377 3849 spe-

1083 3845 1236 3922 eies
1292 3843 1388 3922 ab
1433 3842 2191 3938 utilitate'divi'ditur.
2237 3852 2251 3866 '
2309 3846 2453 3929 Sed
2501 3849 2656 3931 hoc
2708 3852 3032 3960 quidem
3096 3853 3379 3936 discer-

1084 3980 1272 4033 nere
1315 3953 1606 4035 modici
1655 3956 1918 4059 judicii
1961 3959 2090 4041 est.
2184 3958 2378 4044 Illud
2432 3961 2960 4046 obsetvatione
3020 3966 3378 4073 dignius,

1080 4064 1294 4175 quod
1337 4063 1464 4150 hic
1505 4067 1658 4185 ipse
1705 4070 2068 4155 honestus
2115 4095 2429 4158 ornatus
2479 4102 2630 4183 pro
2676 4079 3029 4164 materiae
3077 4104 3371 4189 genere

3144 4187 3376 4292 decet⁴
