3557 5113
761 213 1069 388 *2336
1279 190 1580 338 ῨΜ.
1674 193 1927 363 rm
1969 204 2073 329 1⁴1
2160 207 3176 356 Quffl‘offiinim
3252 221 3283 229 ”

787 553 1020 636 ἵξῃ».
1042 555 1133 634 11.
1159 545 1720 658 fieri'potuer'it
1764 601 1801 640 ,,
1862 540 1944 624 id
1992 541 2380 651 agendum
2439 540 2612 627 est',
2670 561 2758 620 ut
2800 543 3099 646 objeeta
3144 540 3258 622 vel
3293 568 3394 621 ne-

1157 690 1292 775 get
1322 720 1346 756 ‚
1404 660 1534 744 vel
1574 654 1937 739 defendat
1962 711 1985 746 ‚
2063 658 2192 739 vel
2236 659 2540 735 minuat
2578 685 2600 733 ε
2655 653 3235 759 proximum'est
3263 707 3283 742 ‚
3325 675 3398 736 ut

1159 808 1211 859 a
1271 770 1622 885 praesenti
1674 767 2092 879 quaestione
2146 767 2465 873 separet.
2547 772 2761 847 ‘'Sunt
2821 772 3034 848 enim
3090 765 3399 875 pleraque

1163 917 1331 971 non
1369 883 1621 964 solu'm
1664 877 2049 959 dissimilia
2080 934 2109 969 ,
2174 877 2309 959 sed
2384 881 2621 958 etiam
2677 878 3097 987 aliquando
3145 902 3400 957 contra-

1135 1005 1281 1104 ‘ria
1322 1035 1346 1077 :
1404 1016 1489 1075 ut
1531 991 1591 1071 fi
1630 1019 1803 1072 reus
1862 990 2049 1069 furti
2078 1045 2099 1080 ‚
2165 989 2535 1098 prodigus
2589 989 2883 1071 dicatur
2920 1048 2942 1083 ‚
3021 1012 3151 1072 aut
3201 989 3400 1093 negli-

1148 1127 1372 1221 gens,
1437 1111 1719 1212 Neque
1763 1105 1979 1182 enim
2018 1101 2326 1182 videtur
2378 1105 2461 1181 in
2504 1101 2844 1183 eundem
2892 1109 2971 1185 &
3022 1123 3406 1184 contemtus

1134 1211 1510 1331 'pecuniae
1546 1272 1571 1309 ‚
1647 1222 1727 1297 &
1775 1211 2148 1321 cupiditas
2213 1211 2509 1294 cadere.
2622 1217 2696 1294 Si
2749 1214 3075 1295 deerunt
3123 1216 3271 1293 haec
3313 1239 3405 1292 re-

1164 1330 1429 1415 media
1458 1384 1483 1421 ‚
1546 1326 1644 1408 ad
1683 1326 1819 1407 illa
1870 1323 2417 1407 declinandum
2455 1325 2569 1405 est
2606 1381 2630 1416 ,
2703 1354 2867 1407 non
2912 1327 3009 1407 de
3051 1327 3201 1406 hoc
3242 1350 3404 1432 quat-

1162 1449 1239 1526 r‘i
1261 1502 1283 1537 ‚
1344 1469 1490 1523 nec
1528 1467 1712 1520 eum
1747 1440 1885 1546 qui
1941 1437 2366 1544 aliquando
2394 1440 2822 1544 peccaverit
2854 1495 2876 1529 ,
2943 1441 3200 1546 utique
3238 1463 3402 1517 com-

1163 1554 1437 1637 misuse
1476 1553 1783 1632 omnia:
1845 1555 1927 1628 ὅ(
1966 1551 2163 1627 hanc
2207 1547 2573 1629 fiduciam
2626 1549 2848 1628 'fixisse
2899 1550 3404 1630 accusatoribus

1130 1668 1352 1756 ‚falsa
1403 1659 1816 1764 objiciendi
1860 1715 1883 1749 ,
1972 1659 2186 1767 quod
2221 1659 2484 1741 laesum
2543 1665 2622 1741 &
2681 1658 3164 1742 vulneratum
3226 1686 3405 1739 reum

1166 1778 1566 1886 speravere
1621 1773 1764 1852 hac
1816 1771 2106 1852 invidia
2157 1773 2501 1879 opprimi
2555 1771 2785 1878 posse,
2882 1773 3053 1853 Alia
3112 1768 3407 1880 propost-

1165 1893 1277 1988 tio
1314 1885 1425 1967 est
1472 1882 1917 1966 accusatoris
1950 1938 1973 1972 ,
2036 1906 2310 1964 contra
2368 1910 2607 1996 quam
2662 1883 2818 1964 loci
2851 1889 3221 1964 oriuntur.
3283 1889 3401 1962 Βα-

1152 1989 1273 2112 'pe
1323 2027 1368 2079 a
1410 1995 1739 2103 persona
1782 1996 2002 2102 prior
2072 1993 2288 2076 ducit
2380 2018 2832 2101 argumenta
2886 1995 3277 2077 defenlbr:
3335 1998 3405 2072 δε

1165 2112 1489 2194 interim
1537 2106 2049 2215 gener-alitem
2110 2104 2567 2188 incredibile
2626 2105 2777 2186 ess'e
2828 2136 2878 2187 a
2918 2107 3089 2189 filio
3125 2128 3408 2215 patrem,

1162 2225 1266 2308 ab
1314 2247 1561 2303 uxore
1615 2224 1873 2303 virum
1906 2217 2249 2299 occisum
2273 2276 2295 2311 ‚
2376 2219 2476 2297 ab
2527 2222 3004 2325 imperatore
3062 2218 3414 2328 proditam

1168 2335 1513 2417 hostibus
1565 2335 1903 2438 patriam
1935 2366 1967 2408 ‚-
2017 2330 2240 2410 facile
2314 2329 2821 2437 respondetur
2848 2388 2877 2423 ,
2944 2332 3077 2414 vel
3124 2328 3321 2441 quod
3348 2357 3416 2407 o·

1177 2449 1394 2528 mnia
1441 2442 1723 2522 scelera
1767 2444 1854 2520 in
1906 2442 2154 2521 malos
2202 2442 2523 2535 cadant,
2585 2441 2919 2551 ideoque
2960 2443 3158 2551 saepe
3195 2443 3416 2549 depre-

1176 2554 1411 2641 henfii
1443 2552 1588 2633 fint
1614 2591 1636 2632 .·
1702 2552 1832 2636 vel
1887 2550 2108 2661 quod
2153 2550 2561 2660 indignum
2627 2553 2720 2635 fit
2794 2559 3127 2637 crimina
3179 2555 3319 2664 ipfi
3364 2583 3423 2633 a·

1177 2671 1538 2752 trocitate
1577 2663 1911 2744 defendi.
1977 2667 2298 2745 Interim
2323 2671 2641 2771 proprie
2673 2698 2696 2761 3
2737 2666 2954 2775 quod
2992 2668 3108 2749 est
3140 2671 3421 2752 varium

1182 2789 1394 2865 Nam
1461 2775 1791 2882 dignitas
1862 2774 2206 2879 personae
2268 2797 2522 2857 tuetur
2581 2803 2804 2857 reum
2856 2834 2880 2870 ‚
2955 2783 3037 2860 &
3107 2806 3423 2861 nonnun-

1175 2918 1418 3006 quam
1472 2886 1625 2993 ipsa
1683 2887 1766 2963 in
1815 2910 2381 2991 argumentum·
2408 2887 2583 2966 fasti
2664 2894 3160 2973 convertitur
3214 2948 3239 2983 ‚
3296 2912 3431 2970 tan-

1177 3024 1419 3114 quam
1458 2996 1638 3078 inde
1699 2996 1933 3077 fuerit
1982 2995 2149 3104 spes
2187 3002 2666 3106 impunitatis
2704 3020 2729 3070 ὲ
2790 3001 3119 3107 perinde
3152 3021 3431 3111 pauper·-

1175 3141 1332 3208 tas,
1407 3108 1836 3195 humilitas,
1882 3135 2080 3215 opes
2109 3166 2133 3194 ‚
2197 3136 2285 3191 ut
2339 3113 2617 3220 cuique
2656 3114 2973 3218 ingenio
3017 3118 3137 3199 vis
3170 3115 3306 3207 est,
3362 3118 3436 3192 in

1173 3225 1566 3311 diversum
1618 3222 2042 3302 trahuntur.
2132 3222 2360 3303 Probi
2410 3249 2603 3304 vero
2635 3249 2934 3316 mores,
2976 3230 3060 3306 δε
3107 3226 3439 3309 anttaQae

1173 3344 1354 3423 vitae
1431 3338 1823 3438 integritas
1863 3388 1887 3424 ,
1959 3360 2364 3441 nunquam
2440 3361 2605 3414 non
2651 3332 3083 3441 plurimum
3166 3339 3443 3447 profue-

1183 3454 1360 3532 rint.
1474 3448 1550 3525 Si
1606 3445 1803 3523 nihil
1844 3443 2244 3542 objicietur
2279 3502 2319 3539 ‚.
2378 3467 2742 3551 patronus
2788 3446 3112 3556 quidem
3186 3456 3282 3533 in
3320 3452 3447 3533 hoc

1175 3562 1682 3645 vehementer
1726 3558 2120 3637 incumbet
2158 3594 2178 3636 ε
2239 3557 2630 3640 accusator
2676 3581 2939 3640 autem
2987 3559 3090 3642 ad
3153 3564 3452 3672 praesen-

1184 3694 1351 3753 tem
1409 3667 1912 3775 quaestionem
1948 3722 1973 3759 ,
2037 3666 2137 3748 de
2191 3698 2343 3780 qua
2398 3669 2554 3750 sola
2588 3667 2958 3772 judicium
2997 3670 3097 3754 fit
3120 3730 3150 3768 ,
3215 3676 3455 3786 cogni-

1179 3787 1484 3865 tionem
1517 3780 1863 3886 alligabit
1881 3835 1905 3865 ,
1946 3778 2208 3863 dicens
2245 3838 2270 3875 ‚
2329 3785 2738 3861 neminem
2779 3839 2803 3875 ,
2900 3783 3094 3865 mali
3163 3786 3457 3897 quando

1174 3891 1569 4000 coepissent
1609 3945 1634 3982 ,
1694 3890 2028 3997 spectare
2076 3942 2101 3983 ‚
2158 3921 2302 3975 nec
2354 3893 2748 3999 proscenia
2800 3892 3269 3981 ducendum
3331 3901 3477 3981 ίέῑσε·γ

1175 4005 1298 4119 lus
1321 4008 1698 4116 primum.
1792 4005 1979 4086 Haec
2015 4006 2099 4084 in
2129 4003 2691 4116 respondendo.
2804 4010 2924 4088 Sic
2967 4031 3248 4095 autem
3280 4038 3473 4117 prae·

1308 4144 1326 4156 ’“
1940 4160 1969 4193 22
2060 4163 2065 4167 ·
3178 4124 3471 4235 parabit
