3557 5113
779 281 1019 424 698
1270 263 1416 382 M.
1490 276 1915 378 FAnu
2013 235 3250 419 Qumcrnr'aut

772 536 941 654 CA,
987 574 1079 650 ῃ]
1131 557 1292 613 non
1350 524 1763 632 impleatur
1820 512 2115 596 annulis
2153 565 2176 601 ,
2261 510 2642 617 praecipue
2698 502 3001 584 medios
3055 500 3386 582 articulos

947 631 966 650 ⁶
1082 627 1299 725 'non
1349 632 1901 718 transeuntibus
1946 654 1962 702 ε
2040 628 2251 724 cujus
2305 625 2445 698 erit
2503 620 2803 698 habitus
2851 620 3255 721 optimus,
3307 610 3386 691 al-

1138 756 1397 836 levato
1474 746 1757 855 pollice
1796 797 1816 828 ,
1876 747 1954 820 &
1996 734 2252 841 digitis
2292 733 2567 813 leviter
2620 728 2918 808 inflexis
2960 782 2983 817 ,
3054 725 3194 805 nisi
3233 726 3279 805 fi
3320 725 3384 803 li-

1133 866 1427 947 bellum
1490 856 1781 939 tenebit
1857 882 1876 930 ε
1971 846 2188 955 quod
2242 871 2404 923 non
2458 846 2719 949 utique
2762 836 3239 945 captandum
3282 836 3383 915 est.

1133 975 1464 1059 Videtur
1515 971 1729 1049 enirn
1774 965 1996 1044 fateri
2045 959 2448 1038 memoriae
2509 952 3040 1033 diffidentiam
3093 1006 3118 1040 ‚
3189 956 3253 1028 &
3306 946 3384 1027 ad

1132 1088 1423 1170 multos
1472 1082 1719 1190 gestus
1772 1075 1881 1155 est
1923 1067 2539 1178 impedimento(
2617 1069 2933 1170 Togam
2982 1085 3271 1143 veteres
3304 1058 3381 1138 ad

1133 1201 1433 1282 calceos
1479 1194 1711 1299 usque
1752 1183 2283 1268 dimittebant,
2347 1200 2432 1257 ut
2476 1180 2726 1257 Graeci
2763 1174 3124 1281 pallium.
3181 1173 3379 1279 quue

1135 1333 1224 1393 ut
1275 1309 1411 1389 fiat
1445 1333 1469 1396 ‘,
1534 1298 1798 1412 quide
1841 1296 2051 1403 gestu
2090 1290 2543 1398 scripserunt
2584 1291 2788 1367 circa
2837 1308 3201 1393 tempora
3249 1286 3380 1373 illa,

1131 1424 1422 1505 Plotius
1476 1411 1980 1521 Nigidiusque
2034 1407 2501 1512 praecipiunt.
2616 1406 2794 1501 Qo
2854 1405 3109 1505 magis
3178 1402 3385 1477 miror

1136 1537 1367 1615 Plinii
1406 1523 1727 1610 Secundi
1791 1521 1998 1601 dosti
2036 1520 2420 1599 hominis,
2473 1519 2552 1594 ὃ(
2590 1515 2670 1590 in
2727 1511 2878 1589 hoc
2919 1511 3382 1620 utiquelibro

1143 1671 1345 1752 pene
1376 1645 1612 1721 etiam
1668 1635 1999 1714 nimium
2038 1625 2311 1709 curiofi
2340 1683 2361 1717 ,
2416 1621 2982 1732 persuasionem
3008 1679 3031 1711 ‚
3074 1629 3202 1730 qui
3249 1621 3384 1700 soli-

1146 1781 1320 1836 tum
1377 1752 1456 1832 id
1501 1750 1748 1829 facere
1797 1746 2256 1822 Ciceronem
2305 1735 2804 1818 velandarum
2858 1739 3198 1815 varicum
3236 1759 3383 1839 gra-

1144 1870 1252 1948 tia
1294 1862 1525 1943 tradit
1566 1892 1583 1938 t
1637 1883 1820 1935 cum
1867 1855 2015 1932 hoc
2059 1850 2377 1929 amistus
2428 1873 2675 1953 genus
2714 1850 2799 1924 in
2838 1846 3079 1924 statuis
3128 1870 3384 1923 eorum

1142 2000 1453 2085 quoque
1493 1973 1629 2078 qui
1672 1964 1846 2073 post
1877 1967 2343 2045 Ciceronem
2369 1958 2720 2049 fuerunt,
2768 1978 3127 2064 appareat.
3232 1955 3376 2033 Pat-

1145 2086 1427 2169 liolum
1484 2081 1673 2164 ficut
1719 2072 2282 2183 fasciasquibus
2330 2097 2551 2150 crura
2594 2069 3067 2159 vestiuntur,
3100 2071 3171 2149 ὅ(
3201 2066 3389 2147 foca-

1147 2200 1249 2280 lia
1274 2254 1296 2289 ,
1351 2203 1432 2279 &
1472 2195 1776 2274 aurium
1822 2187 2245 2293 ligamenta
2275 2241 2296 2269 ,
2350 2182 2504 2263 sola
2530 2181 2890 2262 excusare
2920 2180 3179 2288 potest
3214 2179 3392 2258 vale.

1149 2309 1363 2392 tud0.
1399 2304 1546 2388 Sed
1586 2304 1746 2382 haec
1788 2300 2107 2379 amicius
2144 2295 2611 2380 observatio,
2657 2293 2848 2374 dum
2886 2295 3393 2400 inceperimus:

1151 2417 1624 2530 procedente
1669 2435 1857 2496 vero
1891 2411 2102 2500 adiu,
2131 2410 2288 2509 jam
2324 2433 2524 2513 pene
2574 2406 2939 2487 abinitio
2980 2403 3395 2486 narrationis

1146 2534 1350 2616 finus
1392 2531 1487 2611 ab
1510 2530 1840 2610 humero
1878 2524 2080 2604 recle
2120 2519 2332 2603 velut
2370 2519 2639 2625 sponte
2676 2516 3070 2600 delabitur
3108 2523 3399 2600 :scema

1147 2646 1246 2726 ad
1290 2660 1746 2748 argumenta
1793 2662 1880 2714 ac
1925 2635 2142 2714 locos
2184 2653 2504 2713 ventum
2559 2630 2669 2710 est
2711 2686 2734 2723 ‚
2794 2633 3122 2732 rejicere
3178 2659 3218 2710 a
3256 2628 3396 2708 smi-

1145 2756 1305 2836 stro
1363 2775 1674 2858 togam,
1730 2745 2060 2848 dejicere
2103 2750 2339 2824 etiam
2382 2741 2437 2823 fi
2483 2741 2762 2823 haereat
2792 2799 2815 2828 .
2880 2741 3146 2823 smum
3184 2800 3207 2834 ,
3257 2767 3400 2820 con-

1143 2873 1426 2951 veniet.
1538 2863 1861 2940 Laenam
1905 2884 1948 2935 a
1991 2855 2333 2936 faucibus
2375 2882 2460 2934 ac
2497 2854 2807 2936 summo
2844 2858 3179 2960 pestore
3214 2851 3404 2934 abdu-

1149 3004 1326 3060 cere
1373 2973 1569 3076 licet.
1654 2967 1958 3050 Ardent
2002 2971 2217 3046 enim
2260 2957 2417 3067 jain
2460 2971 2744 3048 omnia.
2838 2972 2934 3045 Et
2972 2990 3075 3048 ut
3116 2996 3261 3049 vox
3288 2991 3401 3043 ve-
3490 3030 3491 3049 ,

1143 3089 1587 3185 hementior
1623 3109 1712 3192 ²9
1756 3082 2004 3186 magis
2044 3082 2255 3162 varia
2326 3077 2436 3157 est
2477 3133 2500 3170 ‚
2565 3074 2697 3158 fi'c'
2741 3079 3079 3160 amiffus
3133 3104 3409 3189 quoquc

1147 3201 1378 3295 habet
1425 3196 1676 3277 astum
1735 3189 2127 3292 quendam
2159 3186 2370 3274 velut
2404 3189 2899 3297 praeliantem.
3020 3199 3290 3302 ltaque
3344 3212 3409 3268 ut

1155 3309 1425 3392 laevam
1475 3306 1868 3390 involvere
1921 3327 2101 3409 toga
2136 3355 2161 3392 ,
2223 3307 2302 3382 ὅ(
2358 3304 2647 3410 incingi
2689 3357 2714 3394 ,
2795 3304 3000 3410 pene
3066 3302 3414 3386 furiosum
3490 3390 3491 3393 a

1152 3422 1263 3534 est
1300 3453 1319 3502 ε
1381 3416 1634 3499 finum
1686 3442 1879 3499 vero
1919 3418 2002 3494 in
2045 3412 2409 3494 dextrum
2460 3406 2878 3494 humerum
2913 3417 3014 3495 ab
3063 3428 3250 3498 imo
3280 3417 3418 3515 reii-

1154 3560 1333 3637 cere
1368 3586 1394 3622 ,
1446 3528 1785 3612 solutum
1832 3552 1921 3606 ac
1957 3525 2374 3606 delicatum
2429 3580 2453 3616 ,
2508 3524 2859 3634 fiuntque
2904 3525 3189 3611 adhuc
3245 3532 3415 3636 peius

1155 3644 1416 3751 aliqua
1467 3674 1486 3721 ε
1550 3646 1655 3721 ita
1691 3669 1828 3721 cur
1864 3634 2244 3717 laxiorem
2278 3637 2528 3717 finum
2563 3635 2861 3717 sinistro
2904 3640 3261 3723 brachio
3300 3666 3418 3721 non

1156 3754 1636 3854 subjiciamus
1673 3753 1732 3839 Ξ,
1771 3750 2027 3830 Habet
2082 3752 2292 3829 enim
2343 3777 2516 3829 acre
2571 3749 2944 3857 quiddam
3024 3778 3286 3865 atque
3328 3781 3421 3832 ex·

1161 3864 1536 3975 peditum,
1568 3869 1646 3943 δ(
1669 3861 1910 3942 calori
1946 3864 2593 3971 concitationique
2613 3888 2775 3940 non
2815 3864 3206 3947 inhabile.
3263 3873 3429 3946 Cum

1161 4005 1353 4067 vero
1379 4000 1662 4087 magna
1717 4000 1895 4087 pars
1942 3972 2052 4082 est
2116 3974 2474 4059 exhausta
2511 3978 2874 4058 orationis
2912 4033 2938 4064 0
3002 3983 3296 4092 utique
3334 3975 3429 4055 af-

3227 4091 3428 4171 flante
