3557 5113
801 228 1035 378 556
1323 228 1930 338 MAEAnu
2035 231 3216 363 Qu1NCT1L1AN1

711 522 847 619 'CA
874 548 938 603 i».
1004 526 1102 604 V.
1126 517 1297 598 fitio
1334 519 1638 626 quoties
1693 517 1986 596 utiliter
2043 513 2389 596 adhiberi
2448 516 2741 622 potest,
2808 522 3149 624 primum
3192 519 3383 600 debet

1124 630 1270 711 esse
1309 654 1570 737 aperta
1612 651 1838 736 atque
1876 627 2164 708 lucida:
2228 655 2416 705 nam
2471 628 2658 737 quid
2713 630 2801 707 fit
2844 637 3384 740 turpiu3,quam

1123 742 1209 823 id
1247 741 1391 822 effe
1440 740 1853 822 obscurum
1899 739 2192 846 ipsum,
2259 740 2473 847 quod
2539 746 2623 820 in
2681 769 2869 821 eum
2917 744 3160 823 [olum
3217 743 3385 824 adhi-

1123 855 1351 935 betur
1388 851 1609 934 usum
1635 909 1658 942 ,
1715 881 1814 932 ne
1853 852 2001 932 fint
2053 872 2325 949 caetera
2365 852 2728 935 obscura?
2787 876 2957 934 tum
2990 855 3249 946 brevis,
3270 884 3383 935 nec

1118 966 1286 1046 ullo
1328 964 1798 1071 supervacuo
1840 988 2157 1045 onerata
2213 964 2478 1045 verb0.
2594 973 2781 1044 Non
2844 970 3054 1045 enim
3113 966 3206 1046 de
3257 994 3383 1072 quo

1116 1078 1504 1166 dicamuS,
1571 1076 1700 1156 sed
1732 1076 1832 1155 de
1863 1104 2023 1183 quo
2063 1075 2335 1155 disturi
2362 1074 2640 1166 fimus,
2677 1076 3168 1158 ostendimus.
3210 1081 3380 1158 Obti-

1114 1188 1463 1272 nendum
1501 1194 1780 1278 etiam,
1846 1217 1943 1268 ne
1980 1185 2169 1295 quid
2203 1191 2285 1266 in
2326 1216 2413 1267 ea
2468 1188 2657 1269 defit
2700 1244 2721 1278 ,
2797 1217 2894 1269 ne
2934 1190 3122 1298 quid
3176 1188 3384 1295 super-

1115 1301 1239 1383 fit.·
1324 1301 1677 1407 Superest
1709 1324 1972 1380 autem
2007 1297 2107 1379 fic
2150 1301 2355 1391 fere,
2409 1329 2593 1380 cum
2638 1322 2766 1379 aut
2823 1305 2905 1379 in
2943 1302 3216 1407 species
3248 1332 3382 1409 par-

1118 1417 1400 1503 timur,
1448 1410 1666 1520 quod
1738 1416 1823 1491 in
1878 1439 2161 1517 genera
2215 1417 2484 1520 partiri
2540 1411 2628 1493 fit
2676 1411 2889 1507 satis;
2969 1436 3102 1493 aut
3145 1442 3383 1520 genere

1120 1522 1375 1632 pofito
1442 1522 1829 1625 subjicitur
1876 1523 2200 1629 species:
2302 1547 2385 1603 ut
2423 1580 2448 1615 ,
2503 1522 2559 1603 fi
2615 1525 2872 1605 dicam
2927 1523 3026 1604 de
3090 1530 3383 1608 virtute,

1119 1636 1404 1741 ,justitia
1430 1693 1452 1719 ‚
1519 1637 2031 1714 continentia:
2143 1662 2326 1714 cum
2362 1635 2647 1738 justitia
2679 1658 2909 1744 atque
2953 1641 3382 1717 continentia

1123 1749 1430 1830 virtutis
1471 1744 1616 1825 fint
1669 1744 1969 1851 speeies.
2087 1749 2401 1827 Partitio
2450 1753 2703 1854 prima
2750 1750 2898 1839 est,
2965 1744 3156 1857 quid
3196 1748 3275 1828 sit
3311 1747 3384 1826 de

1123 1886 1287 1967 quo
1329 1858 1781 1951 conveniam
1859 1853 2050 1966 ‘quid
2086 1856 2181 1936 de
2218 1885 2380 1964 quo
2410 1861 2879 1966 ambigatur:
2958 1865 3049 1940 In
3082 1889 3175 1939 eo
3210 1858 3384 1969 quod

1115 1972 1497 2053 ,convenit
1521 2025 1543 2058 ,
1609 1967 1798 2076 quid
1850 1967 2311 2050 adversarius
2379 1971 2743 2061 fateatur,
2808 1972 3001 2080 quid
3055 1984 3244 2053 nos':
3319 1977 3385 2049 ln

1124 2108 1228 2162 eo
1279 2078 1377 2160 de
1411 2106 1573 2178 quo
1626 2081 2085 2187 ambigitur,
2148 2108 2318 2190 quae
2374 2080 2649 2163 disturi
2700 2082 2955 2167 sumus
2978 2140 3003 2177 ,
3066 2111 3228 2193 quae
3277 2110 3387 2163 no-

1124 2193 1298 2276 strae
1345 2191 1953 2301 propositiones,
2011 2220 2180 2300 quae
2235 2200 2470 2301 partis
2531 2194 2877 2278 adversae.
2912 2280 2929 2301 ,
3062 2190 3385 2301 Turpiffi-

1126 2333 1358 2389 mum
1409 2333 1599 2389 vero
1621 2361 1646 2397 ,
1718 2334 1884 2385 non
1932 2304 2217 2387 eodem
2276 2305 2550 2389 ordine
2595 2312 2928 2416 exequi,
2995 2335 3160 2419 quo
3204 2304 3387 2417 quid·

1123 2445 1280 2530 que
1332 2417 1843 2527 proposueris.
2905 2451 2911 2457 ·

2979 3986 3136 4090 Μ.
3212 3981 3396 4090 FA-
