3557 5113
690 219 854 334 ·42
1214 168 1403 297 M(
1483 185 1860 294 Fiam
1993 175 3008 333 Qmenmlim

553 489 684 586 CA
718 513 783 569 p.
818 491 945 574 Vl,
974 478 1348 560 bentibus
1441 479 1714 558 Sermo
1759 476 2056 557 constat
2097 479 2394 555 ratione
2432 532 2452 565 ,
2518 475 2898 558 vetustate
2935 528 2959 565 ,
3024 473 3296 554 3υᾶοέ

596 604 597 607 ’
975 596 1249 684 ritate,
1300 588 1878 670 consuetudine.
2031 592 2460 668 Rationem
2534 588 2838 695 praestat
2901 592 3305 694 praecipue·

974 706 1325 812 analogia
1366 759 1390 795 ,
1457 729 2018 810 nonnunquam
2050 706 2128 781 &
2177 700 2679 808 etymologia.
2797 705 3084 781 Vetera
3127 727 3301 779 ma-

971 819 1191 921 jestas
1239 813 1640 926 quaedam,
1685 820 1763 895 ὅ(
1811 838 1897 894 ut
1950 811 2051 892 stc
2096 811 2473 903 dixerim,
2539 814 2817 919 religio
2881 839 3304 893 commen-

970 929 1122 1010 dat.
1218 929 1663 1010 AuCioritas
1695 928 1789 1006 ab
1833 926 2268 1005 oratoribus
2329 926 2455 1006 vel
2515 926 2895 1006 historicis
2957 928 3117 1032 peti
3176 924 3299 1004 so-

969 1043 1102 1122 let.
1195 1070 1375 1121 nam
1407 1063 1684 1145 poetas·
1716 1042 1950 1117 metri
1994 1035 2388 1117 necessitas
2430 1035 2958 1127 excusat,.nis1
2993 1035 3304 1143 fiquan-

970 1152 1081 1232 do
1123 1154 1320 1232 nihil
1365 1150 1838 1257 impediente
1894 1154 1972 1230 in
2013 1172 2347 1256 utroque
2391 1148 2930 1228 modulatione
2972 1146 3311 1255 pedum,

973 1266 1309 1344 alterum
1345 1264 1688 1368 malunt:
1756 1262 2011 1370 qualia
2056 1261 2229 1341 sunt
2261 1318 2282 1352 ,
2349 1314 2481 1327 --
2529 1278 2675 1341 Imo
2716 1263 2804 1341 de
2832 1262 3062 1371 stirpe
3116 1270 3304 1341 reci-

947 1377 1140 1484 stcm.
1208 1383 1285 1457 ὃ(
1317 1433 1341 1459 ‚
1399 1425 1494 1439 ·-—
1542 1384 1764 1456 Ae‘riae
1807 1404 1942 1487 quo
2001 1373 2365 1486 congqffire
2401 1372 2799 1485 palumbes.
2842 1380 2922 1453 &
2957 1424 3045 1437 --
3085 1375 3304 1453 Silice

971 1499 1052 1568 in
1102 1490 1318 1569 nuda,
1384 1493 1464 1567 ὅ(
1515 1485 1788 1566 fimilia
1827 1519 1846 1564 ε
1924 1513 2107 1567 cum
2160 1488 2652 1566 summorum
2698 1490 2779 1565 in
2840 1486 3306 1593 eloquentia

969 1605 1323 1680 virorum
1356 1598 1732 1700 judicium
1776 1627 1929 1705 pro
1957 1601 2308 1688 ratione,
2339 1603 2417 1678 ὅ(
2460 1599 2594 1680 vel
2644 1626 2864 1678 error
2917 1596 3322 1677 honestus

976 1712 1086 1791 est
1152 1739 1478 1818 magnos
1540 1709 1770 1791 duces
1844 1709 2354 1817 sequentibus,
2505 1707 3007 1791 Consuetudo
3045 1737 3316 1800 „ver0,

973 1822 1390 1903 certissima
1426 1821 1801 1929 loquendi
1859 1823 2257 1931 magistra:
2315 1821 2849 1931 utendumque
2888 1821 3114 1928 plane
3153 1820 3312 1900 ser-

971 1962 1211 2014 mone
1237 1990 1258 2025 ,
1296 1956 1381 2014 ut
1426 1961 1787 2026 numme,
1826 1938 1951 2012 cui
1984 1934 2292 2042 publica
2328 1935 2585 2037 forma
2625 1934 2755 2014 est.
2850 1936 3146 2039 Omnia
3183 1955 3318 2014 ta·-

974 2074 1162 2126 men
1216 2047 1377 2129 haec
1422 2051 1746 2153 exigunt
1803 2073 1977 2124 acre
2018 2045 2434 2150 judicium:
2502 2046 2852 2152 analogia
2882 2040 3319 2152 praecipue,

975 2185 1216 2267 quam
1258 2162 1616 2264 proxime
1660 2186 1761 2239 ex
1809 2162 2086 2239 Graeco
2151 2159 2692 2240 transferentes
2729 2164 2813 2237 in
2870 2160 3256 2238 Latinum
3285 2213 3314 2248 ,

978 2274 1575 2377 proportionem
1611 2293 2108 2377 vocaverunt.
2283 2274 2457 2373 Ejus
2492 2271 2655 2351 haec
2693 2274 2809 2353 vis
2875 2268 3029 2361 est,
3088 2291 3173 2349 ut
3221 2268 3320 2350 id

978 2381 1199 2489 quod
1250 2381 1571 2489 dubium
1640 2383 1750 2460 est
1788 2438 1820 2473 ,
1878 2382 1974 2464 ad
2050 2382 2343 2489 aliquid
2412 2381 2716 2491 simile,
2774 2378 2871 2469 de
2933 2409 3095 2490 quo
3134 2408 3322 2462 non

978 2497 1386 2601 quaeritur,
1460 2494 1739 2574 referat
1785 2526 1801 2572 z
1868 2519 1956 2574 ut
2011 2498 2299 2575 incerta
2367 2497 2594 2577 certis
2662 2494 2961 2604 probet.
3056 2492 3323 2595 Qod

979 2608 1320 2688 efficitur
1380 2606 1670 2713 duplici
1729 2609 1904 2687 via:
1968 2610 2551 2714 comparatione
2603 2606 2986 2688 similium.
3024 2609 3104 2706 in
3164 2635 3322 2686 ex-

979 2724 1250 2798 tremis
1296 2724 1639 2797 maxime
1691 2715 2033 2825 syllabis,
2104 2730 2480 2826 (propter
2528 2719 2743 2828 quod
2777 2719 2875 2799 'ea
2917 2748 3088 2829 quae
3124 2718 3319 2801 sunt

983 2859 1027 2914 e
1088 2829 1399 2939 singulis
1428 2886 1478 2920 ,A
1528 2852 1914 2938 negantur
1974 2829 2255 2912 debere
2326 2836 2764 2936 rationem)
2826 2838 2901 2913 δε
2958 2830 3310 2912 diminu-

985 2945 1220 3022 tione.
1315 2944 1826 3049 Comparatio
1869 2943 1950 3021 in
1991 2941 2445 3023 nominibus
2477 2998 2499 3032 ,
2569 2968 2698 3024 aut
2725 2939 2980 3050 'genus
3025 2943 3311 3051 depre-

980 3053 1305 3146 hendit,
1354 3077 1484 3134 aut
1531 3051 2179 3133 declinationem:
2240 3059 2548 3145 Genus,
2615 3081 2700 3137 ut
2760 3055 2816 3136 fi
2868 3079 3314 3165 quaeratur,-

955 3168 1170 3276 ftmis
1203 3166 1715 3249 masculinum
1763 3162 1895 3257 fit,
1939 3194 2045 3245 an
2103 3168 2656 3264 foemininum,
2718 3166 2964 3249 simile
3032 3169 3140 3248 il-li
3201 3168 3312 3250 sie

964 3288 1227 3394 papis.-
1283 3280 1970 3388 Declinationem,
2023 3300 2109 3359 ut
2164 3278 2222 3360 sl
2261 3284 2522 3362 veniat
2581 3284 2664 3360 in
2725 3279 3050 3380 dubium
3077 3338 3100 3372 ,
3158 3279 3303 3360 bac'

974 3392 1197 3472 domu
1235 3391 1652 3471 dicendum
1691 3388 1783 3468 fit
1805 3445 1826 3479 ,
1866 3419 1961 3468 an
1999 3375 2135 3472 ba'c
2171 3394 2418 3480 domo,
2457 3400 2534 3474 &
2562 3395 2907 3475 domuum
2933 3393 3029 3474 an
3069 3396 3312 3475 domo-

974 3533 1189 3594 rum,-
1280 3502 1554 3583 similia
1606 3500 1753 3614 sint
1809 3502 2052 3580 damus
2085 3562 2108 3589 ,
2169 3537 2349 3588 anus
2381 3564 2401 3592 ‚
2461 3535 2730 3592 manus.
2843 3511 3302 3589 Diminntio

973 3642 1220 3722 genus
1265 3616 1510 3695 modo
1547 3612 1880 3729 detegit:
1947 3620 2024 3695 &
2066 3620 2302 3704 neab
2338 3618 2624 3700 eodem
2676 3619 3046 3729 exemplo
3085 3647 3320 3700 rece-

973 3725 1161 3810 dam
1184 3782 1207 3816 ‚
1249 3731 1517 3833 stenem
1557 3725 2068 3809 masculinum
2126 3726 2270 3812 effe
2289 3733 2670 3839 fimicult'a
2704 3729 3060 3816 ostendit.
3155 3735 3315 3814 Eass

974 3837 1165 3921 dem
1204 3842 1288 3925 in
1327 3842 1577 3927 verbis
1620 3866 1936 3952 quoque
1986 3846 2187 3930 ratio
2228 3849 2871 3953 comparationis:
2931 3844 3311 3954 utsiquis

974 3954 1337 4074 antiquos
1372 3954 1675 4042 secutus
1686 3957 1989 4067 fervere
2018 3957 2236 4044 brevi
2273 3957 2532 4046 media
2569 3958 2852 4073 syllaba
2889 3957 3134 4051 dicat,
3153 3956 3311 4042 de-
