3557 5113
743 205 980 337 748
1262 192 3198 327 M.FA1311Qu1Nc·r11.1ANt

685 488 869 567 Cn.
916 481 1023 564 X.
1104 503 1232 563 tur
1266 501 1648 561 amatores
1684 477 1889 561 istius
1926 483 2264 561 nominis
2294 477 2648 562 modum.
2737 487 2926 562 Non
2956 480 3202 587 igitur
3232 481 3366 582 iam

755 597 762 602 ‘
959 593 962 594 ᾗ
1102 593 1340 702 usque
1373 592 1468 672 ad
1498 598 1841 679 Coccum
1880 599 1955 674 &
2008 594 2481 674 Antocidem
2526 597 3044 674 remittemur.
3161 600 3366 673 Inter·

1100 732 1378 814 rogare
1423 728 1683 784 tamen
1723 705 1965 788 velim
1999 732 2107 783 an·
2127 705 2486 786 Isocrates
2504 709 2764 787 Attice
2801 706 3152 787 dixerit:
3249 710 3361 786 Ni·

1096 819 1212 900 hil
1254 821 1467 899 enim
1535 838 1692 896 tam
1740 817 1850 896 est
1896 816 2139 923 Lysia:
2197 817 2602 900 diversum.
2717 818 3145 925 Negabunt
3177 827 3214 898 ?
3274 824 3362 899 Ae

1091 936 1253 1033 ejus
1292 928 1548 1010 schola
1596 932 1981 1033 principes
2037 952 2440 1009 oratorum
2485 929 2720 1011 dedit.
2830 936 3247 1031 Qaeratur
3290 929 3362 1012 fi·

1075 1041 1350 1124 'milius
1388 1037 1700 1148 aliquid.
1808 1039 2246 1146 Hyperides
2282 1048 2583 1122 Atticus
2622 1044 2644 1121 ἓ
2730 1047 2989 1123 Certe.
3087 1049 3193 1123 At
3231 1044 3361 1150 pius

1097 1151 1412 1235 indulfit
1449 1153 1849 1259 voluptati.
1929 1152 2268 1243 Transeo
2307 1153 2728 1260 plurimos,
2768 1157 3249 1262 Lycurgum,
3269 1160 3359 1234 A·

1098 1265 1552 1372 ristogitona
1581 1320 1603 1354 ,
1670 1270 1750 1344 &
1792 1265 1913 1344 his
1965 1290 2303 1370 priores,
2358 1266 2618 1347 Isaeum
2654 1319 2676 1350 ,
2760 1269 3355 1373 Antiphonteme

1160 1406 1297 1458 uos
1340 1400 1426 1458 ut
1458 1376 1822 1457 homines
1873 1379 2078 1457 inter
2115 1377 2187 1457 se
2227 1405 2508 1485 genere
2543 1377 2826 1458 ssmiles
2862 1435 2888 1471 ‚
2944 1379 3358 1460 differentes

1100 1404 1388 1570 dixeris
1428 1486 1914 1594 specie.Qid
1989 1490 2156 1572 ille,
2177 1493 2387 1588 cujus
2418 1489 2665 1570 modo
2699 1491 3036 1572 fecimus
3060 1495 3359 1573 mentio-

1094 1628 1307 1688 nem,
1332 1598 1735 1684 AEschines,
1758 1625 2020 1679 nonne
2059 1600 2177 1680 his
2209 1601 2440 1684 latior
2457 1608 2539 1684 ὅ(
2561 1601 3006 1694 audentior,
3035 1611 3115 1686 ὃ(
3139 1603 3355 1684 excel·-

1097 1712 1314 1814 fior?
1374 1711 1584 1811 Qid
1619 1711 1953 1809 denique
1981 1715 2545 1794 Demosthenes
2570 1714 2774 1796 inon
2834 1717 3161 1798 cunstos
3207 1717 3354 1797 illos

1102 1845 1375 1903 tenues
1409 1830 1489 1903 &
1531 1822 2159 1929 circumspectos,
2184 1829 2309 1917 vi,
2345 1826 2802 1907 sublimitate
2826 1883 2852 1920 ‚
2890 1833 3195 1934 impetu,
3218 1829 3355 1908 cul-

1106 1956 1241 2027 tu,
1281 1932 1849 2039 compositione
1887 1933 2265 2040 superavit
2299 1937 2321 2017 ἒ
2385 1966 2551 2018 non
2587 1939 2913 2046 insurgit
2955 1941 3165 2022 locis?
3200 1968 3339 2022 non

1095 2044 1362 2153 figuris
1394 2043 1718 2152 gaudet?
1762 2072 1925 2125 non
1971 2047 2583 2131 translationibus
2625 2055 2829 2131 nitet
2860 2052 3076 2133 ?non
3105 2056 3347 2134 oratio-

1065 2167 1198 2238 ne
1223 2155 1396 2238 fista
1421 2155 1552 2238 dat
1589 2159 2022 2239 tacentibus
2072 2171 2351 2242 vocem
2384 2161 2406 2241 ἒ
2450 2190 2613 2243 non
2628 2163 2820 2244 illud
2862 2166 3360 2264 jusjurandm

1096 2296 1247 2378 per
1295 2268 1521 2350 caesos
1565 2273 1648 2349 in
1702 2272 2158 2352 Marathone
2221 2302 2307 2354 ae
2338 2276 2719 2357 Salamine
2780 2297 3358 2388 propugnatores

1097 2378 1531 2487 reipublicae
1553 2437 1575 2466 ,
1624 2379 1793 2462 latis
1852 2383 2259 2465 manifesto
2310 2384 2545 2468 docet
2606 2412 3181 2498 praeceptorem
3226 2393 3355 2481 eius

1110 2493 1510 2574 Platonem
1545 2492 1757 2574 fuiss'e
1791 2495 1835 2577 ³,
1877 2499 2134 2591 Quem
2169 2495 2421 2604 ipsum
2464 2526 2659 2582 num
2699 2500 3077 2586 Asianum
3126 2501 3369 2613 appel-

1100 2604 1424 2685 labimus
1463 2661 1486 2696 ,
1543 2603 2004 2714 plerumque
2049 2609 2416 2692 instinstis
2463 2611 2734 2696 divino
2779 2613 3052 2723 spiritu
3088 2619 3363 2701 vatibus

1092 2716 1704 2820 comparandum
1743 2718 1765 2796 ?
1822 2718 2031 2820 Qid
2064 2720 2398 2805 Periclea
2435 2722 2460 2803 ἓ
2521 2723 2959 2809 ssmilemne
2993 2731 3361 2813 credimus

1088 2824 1424 2932 Lyfiacae
1457 2829 1856 2933 gracilitati
1876 2884 1898 2913 ,
1940 2855 2175 2939 quem
2214 2832 2665 2920 fulminibus
2694 2844 2774 2921 ὅ(
2808 2842 3117 2923 coelesti
3138 2845 3359 2950 fragos

1094 2942 1164 3019 ri
1211 2961 1664 3043 comparant
1704 2943 2068 3034 Comici,
2112 2942 2304 3026 dum
2354 2945 2467 3028 illi
2494 2954 3038 3036 conviciantur
3088 2956 3118 3037 ἰ
3182 2949 3353 3053 Qid

1089 3046 1203 3130 est
1250 3053 1485 3156 igitur
1519 3077 1657 3131 cur
1688 3054 1770 3131 in
1810 3056 1898 3134 iis
1937 3053 2262 3137 demum
2297 3062 2433 3167 qui
2474 3067 2687 3144 tenui
2726 3066 3009 3147 venula
3064 3096 3216 3173 per
3240 3064 3368 3150 ml-

1090 3161 1312 3242 culos
1352 3161 1599 3244 fluunt
1638 3217 1664 3256 .
1726 3168 2079 3248 Atticum
2118 3168 2472 3277 saporem
2501 3198 2779 3281 putent
2813 3176 2837 3257 3
2888 3179 2999 3258 ibi
3050 3179 3369 3263 deinum

1083 3272 1454 3381 thymum
1507 3273 1863 3357 redolere
1909 3278 2169 3362 dicant
2223 3281 2248 3363 ἓ
2323 3289 2546 3387 Qios
2587 3276 2740 3397 ego
2800 3289 3179 3376 existimo
3236 3352 3260 3381 ,
3318 3287 3374 3375 fi

1084 3383 1303 3489 quod
1333 3390 1414 3465 in
1453 3387 1565 3466 his
1617 3384 1895 3471 finibus
1948 3393 2254 3474 uberius
2290 3398 2726 3493 invenerint
2780 3399 3037 3483 solum
3076 3460 3107 3496 ‚
3168 3406 3367 3488 ferti-

1084 3493 1467 3581 lioremve
1500 3499 1876 3606 segetem,
1910 3527 2321 3613 negaturos
2342 3513 2687 3593 Atticam
2726 3512 2873 3593 ess‘e
2895 3570 2919 3600 .
2957 3516 3187 3624 quod
3217 3519 3373 3628 plus

1090 3631 1327 3714 quam
1364 3615 1744 3717 acceperit
1771 3610 2081 3699 seminis
2117 3617 2388 3701 reddat
2413 3678 2436 3706 ,
2462 3638 2467 3641 ’
2498 3627 2679 3730 quia
2717 3626 2915 3709 hane
2950 3636 3120 3730 ejus
3154 3654 3367 3713 terra

1096 3717 1342 3798 fidem
1387 3722 1817 3804 Menander
1851 3724 2104 3812 eludit.
2229 3737 2491 3843 ltaque
2529 3763 2737 3818 nunc
2767 3736 2821 3818 fi
2871 3745 3052 3849 quis
3104 3743 3207 3825 ad
3246 3768 3367 3826 en

1081 3829 1627 3914 Demosthenis
1661 3838 1987 3920 virtutes
2023 3895 2049 3934 ‚
2112 3840 2301 3949 q'uas
2328 3845 2467 3926 ,ine
2533 3846 2878 3932 summus
2925 3878 3208 3937 orator
3242 3857 3351 3935 ln·

1062 3939 1245 4073 buit
1263 3999 1289 4039 ,
1366 3965 1632 4033 tamen
1658 3970 1835 4059 quae
1886 3948 2203 4042 defuisse
2236 3960 2308 4038 ei
2323 4012 2353 4057 ‚,
2405 3956 2560 4047 five
2600 3961 2829 4073 ipfius
2865 3966 3336 4061 naturamve

3180 4076 3347 4189 bat
