3557 5113
306 237 551 398 De
578 226 1023 438 Iaefiit.
1066 228 1789 402 Orator-iaz·
1818 305 1823 310 ·
1852 217 2173 383 Lib:
2203 225 2388 383 X.
2597 251 2808 376 593

196 552 318 636 vix
354 546 606 628 ullum
638 539 744 638 ex,
776 549 871 628 iis
893 550 1030 658 qui
1069 533 1534 633 uetustatem
1567 529 2083 654 pertulerunt,
2113 549 2477 633 existimo
2529 578 2651 658 CA
2663 598 2727 650 ι»,
2784 569 2844 663 1,

197 659 391 770 poffi:
452 663 833 768 reperiri,
888 663 1081 769 quin
1131 659 1507 763 judicium
1543 659 2085 742 adhibentibus
2117 663 2479 747 allaturus

197 774 281 856 sst
315 773 662 855 utilitatis
699 771 988 881 aliquid
1025 827 1049 864 ‚
1139 800 1327 879 eum
1373 772 1453 852 se
1489 776 1771 853 Cicero
1808 775 1906 854 ab
1950 775 2106 854 inis
2156 801 2477 885 quoque

199 884 703 970 vetustissimis
739 887 1172 972 auctoribus
1205 929 1229 976 5
1269 884 1682 991 ingeniosis
1711 886 2043 992 quidem·
2066 900 2109 971 '‚
2153 888 2285 967 std
2316 912 2485 968 arte

198 999 678 1089 carentibus,
705 999 1131 1104 plurimum
1166 998 1498 1080 fateatur
1550 997 1929 1100 adjutum.
2006 1004 2181 1079 Nec
2224 1000 2489 1079 multo

199 1113 409 1192 aliter
443 1109 543 1191 de
589 1114 812 1191 novis
872 1109 1139 1190 lentio,
1275 1115 1582 1215 Qotus
1623 1115 1837 1189 enim
1890 1112 2205 1219 quisque
2264 1113 2500 1192 fuerit
2605 1181 2617 1205 ,

199 1223 383 1312 adeo
414 1227 699 1305 timens
742 1218 1231 1329 posteritatis,
1260 1225 1394 1329 qui
1427 1249 1528 1302 ne
1566 1226 1899 1302 minima
1913 1221 2231 1329 quidem
2263 1221 2495 1304 alicu-

198 1341 301 1440 jus
343 1338 673 1416 scientiae
714 1334 998 1420 fiducia
1036 1391 1061 1427 ‚
1103 1337 1382 1440 partiri·
1406 1339 1874 1424 memoriam
1918 1337 2100 1424 artis
2152 1332 2501 1441 sperave-

200 1455 344 1529 rit?
371 1448 592 1557 quisi
635 1453 802 1557 quis
834 1448 969 1540 est,
1035 1450 1239 1527 intra
1271 1449 1571 1552 primos
1616 1447 1871 1525 statim
1914 1445 2168 1528 versus
2220 1446 2499 1553 depre-

200 1560 596 1647 hendetur,
629 1567 706 1642 &
743 1562 967 1641 eitius
1012 1587 1156 1639 nos
1197 1557 1545 1638 dimittet
1581 1615 1605 1643 ‚
1666 1586 1907 1666 quam
1943 1582 2031 1638 ut
2065 1562 2230 1650 ejus
2270 1559 2498 1639 nobis

200 1691 478 1781 magno
522 1676 896 1780 temporis
932 1670 1409 1753 detrimento
1460 1671 1755 1750 constet
1839 1675 2495 1777 experimentum.

204 1784 529 1866 Sednon
568 1783 939 1893 quicquid
969 1783 1065 1863 ad
1105 1784 1438 1892 aliquam
1488 1805 1795 1889 partem
1875 1783 2219 1888 scientiae
2251 1787 2490 1890 perti-

204 1919 347 1988 net,
386 1902 744 2007 protinus
782 1895 878 1978 ad
912 1894 1347 1976 faciendam
1385 1899 1623 1976 etiam
1646 1893 1896 1997 φράσιν
1919 1895 2014 1975 de
2041 1924 2195 2005 qua
2228 1897 2491 2005 loqui-

201 2039 370 2091 mur
409 2066 436 2101 ,
506 2008 1188 2092 accommodatum
1224 2007 1367 2087 est.
1514 2014 1809 2088 Verum
1862 2032 2044 2088 ante
2093 2036 2334 2120 quam
2391 2006 2495 2088 de

200 2120 526 2230 linguliS,
582 2151 822 2230 pauca
861 2124 962 2224 ‘in
995 2118 1441 2201 universum
1480 2117 1580 2200 de
1612 2124 1983 2202 varietate
2016 2124 2492 2228 opinionum

203 2234 516 2315 dicenda
559 2234 750 2315 sunt.
899 2239 1108 2312 Nam
1149 2229 1469 2340 quidam
1524 2231 1730 2311 solos
1768 2245 2066 2311 veteres
2116 2230 2496 2339 legendos

205 2370 488 2454 putant,
520 2375 790 2456 noque·
811 2348 893 2426 in
919 2344 1098 2426 ullis
1115 2346 1282 2424 aliis
1303 2342 1446 2422 elle
1490 2343 1924 2424 naturalem
1964 2343 2491 2453 eloquentiam

205 2465 276 2541 ὅ(
309 2462 550 2542 robur
583 2464 764 2543 viris
801 2457 1131 2567 dignum
1169 2488 1192 2537 ε
1234 2454 1430 2536 alios
1461 2484 1734 2536 recens·
1772 2457 1940 2536 haec
1973 2455 2315 2547 lascivia,
2361 2454 2502 2536 de-

206 2573 534 2684 litiaeque
560 2628 583 2664 ‚
623 2581 702 2655 &
738 2576 1009 2656 omnia
1046 2567 1145 2648 ad
1179 2568 1669 2677 voluptatem
1698 2568 2211 2650 multitudinis
2248 2574 2530 2676 impe‘-⁴

206 2690 359 2767 ritae
441 2686 876 2793 composita
936 2680 1341 2763 delectant.
1490 2688 1676 2762 Sunt
1736 2684 1977 2762 etiam
2013 2686 2149 2790 qui
2201 2684 2504 2762 testum

208 2798 503 2880 dicendi
546 2826 794 2904 genus
844 2796 1058 2903 sequi
1078 2792 1376 2875 volunt.
1435 2795 1596 2873 Alii
1628 2794 1873 2901 pressa
1902 2792 2229 2875 demum
2269 2800 2349 2876 ὅ(
2385 2808 2501 2872 te-

203 2915 372 2991 nuia
408 2967 436 3003 ‚
491 2917 577 2992 &
611 2937 786 3018 quae
824 2910 1247 2987 minimum
1288 2906 1385 2986 ab
1426 2905 1566 2987 usu
1591 2905 2056 3016 quotidiano
2091 2905 2502 2988 recedant,

202 3021 365 3104 {ima
396 3029 477 3105 &
514 3050 703 3107 vere
745 3023 1005 3101 Attica
1043 3041 1345 3124 putant.
1487 3018 1885 3121 Qosdam
1915 3018 2188 3098 elatior
2219 3019 2515 3123 ingenii

202 3138 312 3215 vis
371 3191 397 3228 ,
458 3142 544 3217 &
592 3137 844 3241 magis
875 3133 1305 3222 concitata,
1340 3134 1422 3210 ὅ(
1458 3133 1655 3209 acris
1684 3131 1991 3235 spiritus
2029 3128 2256 3235 plena
2275 3129 2507 3232 capit.

206 3252 384 3327 Sunt
412 3254 491 3330 &
527 3247 750 3331 lenis.
793 3251 875 3327 &
915 3240 1194 3332 nitidi,
1225 3248 1306 3323 δι
1340 3240 1750 3347 compositi
1793 3246 2097 3349 generis
2136 3268 2297 3319 non
2319 3266 2509 3345 pau.-

206 3362 286 3438 ei*
308 3382 715 3440 amatores,
831 3364 958 3437 De
997 3381 1149 3462 qua
1180 3352 1607 3434 differentia
1645 3352 2002 3434 differam
2046 3353 2511 3459 diligentius,

215 3496 386 3551 eum
436 3472 538 3553 de
571 3496 858 3577 genere
920 3465 1230 3547 dicendi
1279 3464 1791 3575 quaerendum
1888 3471 2060 3546 erit.
2194 3466 2519 3549 Interim

218 3579 660 3666 stimmatim
691 3581 882 3688 quid
924 3586 1004 3661 ὃ(
1039 3607 1082 3658 a
1117 3605 1269 3687 qua
1314 3579 1964 3684 leetionepetere
2006 3576 2333 3684 poffint‚
2378 3579 2520 3684 qui

219 3694 676 3777 confirmare
714 3694 1162 3777 facultatem
1199 3691 1506 3773 dicendi
1548 3692 1833 3773 volunt
1856 3747 1873 3777 ‚
1903 3696 2301 3799 attingam.
2338 3695 2527 3770 Ρω-

214 3834 345 3888 cos
374 3813 594 3890 enim
625 3863 653 3899 ‚
692 3810 830 3913 qui
867 3805 1041 3887 sunt
1071 3803 1682 3896 eminentisfimi,
1709 3833 2127 3912 excerpere
2158 3809 2237 3885 in
2256 3809 2529 3885 animo

207 3921 339 4001 est.
403 3922 637 4002 facile
678 3918 794 3999 est
841 3942 1104 3999 autem
1158 3916 1504 3999 studiosis
1536 3923 1673 4026 qui
1713 3916 1867 4015 fint
1902 3920 2025 3999 his
2119 3916 2531 4004 simillimi,

197 4034 587 4149 judicare:
627 4062 730 4118 ne
769 4031 1188 4148 quisquam
1236 4048 1606 4140 queratur
1622 4030 1942 4143 omissbs
1958 4032 2170 4139 forte
2211 4030 2520 4134 aliquos

1111 4166 1114 4169 ’
2237 4165 2524 4236 eorum
2590 4170 2593 4173 ·
