3557 5113
218 282 355 363 plen
370 324 385 348 ,
412 277 647 343 infamis
667 321 686 344 .
708 277 804 343 vei
827 270 1019 360 longai
1048 292 1142 338 aut
1161 292 1365 338 eontra.
1445 275 1682 360 figurari
1708 278 2112 360 nonnunquam
2135 277 2219 345 bis
2236 280 2516 348 sthennius

215 366 302 423 bns
321 359 505 441 poffc.
530 358 1293 439 occupatione,apostrophe,
1322 359 1705 437 prosopopoeia
1730 360 2017 437 loquentis.
2060 365 2181 434 Ejus
2204 365 2358 423 usum
2388 384 2503 425 non

206 439 332 506 effe,
370 461 499 499 cum
526 438 687 509 iudex
712 438 787 496 est
813 439 931 497 satis
959 453 1280 515 praeparatus
1298 477 1314 501 ,
1340 454 1435 494 aut
1467 438 1690 515 quando
1722 457 1833 497 non
1860 438 2065 521 indiget
2089 444 2507 518 preparatione,

202 540 321 579 cum
344 519 421 578 cst
448 535 859 595 nonnunquam
881 533 1190 594 occupatus,
1211 533 1336 573 cum
1351 514 1572 594 angusta
1599 516 1717 574 sunt
1743 532 2015 595 tempora,
2035 537 2162 577 cum
2193 524 2365 591 major
2392 540 2498 597 po.

202 596 349 656 testas
382 596 456 655 ab
487 595 595 671 ipsa
620 615 677 652 re
708 594 944 671 incipere
978 595 1144 672 cogit·
1227 599 1266 670 ς
1310 594 1540 652 Exordia
1566 594 1754 653 vitiosa
1781 597 2009 655 recenset
2036 635 2050 658 ,
2093 596 2330 676 vulgare,
2350 617 2508 655 com-

208 693 363 733 mune
385 716 405 739 ‚
453 672 849 732 commutabile
880 712 898 737 ,
938 670 1267 749 separatum,
1295 671 1643 738 translatum,
1663 672 1914 751 longum.
1993 672 2265 734 Postremo
2290 674 2505 736 exordii

208 754 346 811 nsum
366 755 542 810 ctiam
572 756 629 809 in
652 751 770 812 aliis
792 749 1030 825 partibus
1055 743 1156 807 ess‘e
1172 787 1190 816 ,
1222 753 1275 806 δε
1307 753 1420 821 ejus
1458 747 1626 812 finem
1654 771 1782 813 curn
1808 751 2048 831 sequenti
2073 753 2332 817 orationis
2355 768 2504 832 parte

210 826 644 893 commodissime
675 826 1116 891 conncstendum
1150 829 1405 906 praecipit.

1040 1016 1149 1091 De
1207 1013 1674 1092 Narratione.

1177 1176 1238 1256 C
1262 1211 1306 1260 A
1337 1212 1398 1259 Ρ.
1454 1181 1556 1266 11.

214 1346 625 1495 constituto
645 1346 715 1412 ad
735 1346 1074 1410 audiendum
1095 1359 1184 1429 per
1204 1341 1494 1412 exordium
1532 1346 1708 1426 judice
1733 1390 1752 1417 ,
1797 1339 1980 1413 locum
2010 1348 2169 1415 babet
2204 1329 2498 1433 Nairatioss

354 1451 443 1508 per
462 1451 619 1509 quam
643 1429 777 1508 quid
813 1431 875 1487 in
897 1428 1327 1490 controversiam
1354 1434 1532 1491 veniat
1554 1473 1571 1496 ,
1611 1433 1906 1511 cognoscit.
1985 1439 2139 1493 Circa
2175 1455 2342 1511 quarn
2385 1433 2499 1503 ἦτε

226 1512 485 1587 precipue
516 1514 676 1589 tangit
691 1537 713 1580 3
763 1506 917 1586 Quid
937 1512 1202 1575 narratio,
1225 1528 1348 1584 φιτ
1372 1513 1483 1581 ejus
1506 1516 1719 1587 propria
1737 1549 1753 1573 ‚
1782 1529 1904 1586 φιτ
1924 1526 2097 1586 partes
2122 1533 2135 1568 τ
2171 1530 2243 1579 an
2272 1509 2497 1567 exordio

219 1588 428 1727 wer
450 1587 814 1665 subiungatur:
856 1605 926 1644 an
965 1585 1165 1662 semper
1187 1583 1466 1645 necessaria
1500 1610 1516 1646 t
1550 1591 1645 1663 qui
1673 1585 1738 1644 sit
1768 1588 2090 1646 narrationis
2129 1586 2308 1652 ordo:
2357 1606 2502 1663 quo-

350 1685 391 1723 o
406 1667 465 1722 in
486 1663 613 1723 fidis
635 1662 1035 1724 narrationibus
1051 1663 1205 1723 color
1231 1665 1463 1723 veritatis
1488 1663 1716 1723 tuendus
1737 1661 1800 1721 sit
1814 1705 1830 1729 ,
1852 1670 1908 1724 δε
1937 1680 2075 1742 quot
2099 1660 2200 1723 illae
2221 1663 2351 1722 sint:
2373 1660 2499 1742 quae

214 1745 425 1802 virtutes
445 1745 769 1804 narrationis
790 1783 809 1808 ,
843 1757 937 1801 aut
956 1762 1076 1820 φιτ
1102 1742 1231 1801 vitia
1246 1780 1265 1809 ,
1285 1748 1341 1801 δι
1363 1763 1485 1819 φιτ
1511 1742 1749 1805 elocutio
1773 1767 1790 1800 .·
1826 1742 1985 1821 quale
2013 1744 2252 1809 initium.
2275 1748 2328 1801 δι
2344 1742 2491 1800 finis.

215 1823 587 1879 Narrationcm
614 1820 716 1879 effe
737 1825 813 1879 rei
834 1818 989 1879 faeta
1008 1854 1039 1884 ,—
1055 1820 1132 1881 vel
1163 1840 1276 1879 non
1301 1819 1483 1887 fafiae,
1517 1820 1708 1879 utilem
1729 1820 1797 1879 ad
1825 1819 2251 1898 persuadendum
2275 1814 2495 1898 exposi-

219 1902 419 1957 tionem
437 1895 649 1958 dcfinit.
736 1902 769 1978 fl
810 1899 1144 1956 Narrationis
1162 1911 1260 1957 tria
1286 1896 1387 1957 csse
1414 1900 1653 1977 propria:
1671 1914 1728 1955 ut
1754 1897 1987 1955 dilucida
2007 1939 2022 1962 .
2050 1899 2248 1963 brevis,
2278 1904 2331 1957 δι
2354 1897 2494 1958 veri·

214 1975 402 2036 similis.
486 1977 797 2037 Dilucidam
830 1974 988 2043 fore,
1026 1973 1063 2033 si
1109 1974 1280 2037 verbis
1321 1979 1547 2055 propriis
1583 1982 1640 2036 δι
1674 1972 2094 2055 significantibus
2145 1991 2445 2054 exponatur
2469 1996 2489 2034 s

211 2076 314 2113 non
348 2053 608 2117 sordidis,
652 2075 767 2113 non
793 2055 957 2112 nimis
982 2051 1288 2131 exquisitise
1314 2053 1353 2111 si
1369 2055 1531 2116 locis,
1549 2054 1884 2131 temporibus
1906 2095 1921 2119 ,
1953 2054 2222 2131 personis,
2242 2060 2298 2113 δι
2324 2047 2493 2113 causis

209 2132 596 2212 distinguatur:
642 2128 683 2188 fi
695 2131 849 2191 rebus
874 2128 1173 2192 consentiat
1207 2135 1592 2208 pronuntiatio.
1628 2136 1851 2192 Brevem
1881 2170 1897 2197 ,
1921 2130 1961 2189 si
1988 2133 2113 2191 inde
2147 2133 2494 2210 coeperimus,

210 2211 347 2268 unde
376 2213 444 2269 ad
469 2209 697 2281 iudicem
721 2221 981 2287 pertinet:
1021 2207 1059 2266 si
1099 2209 1416 2287 supervacua
1438 2209 1778 2271 reciderimus
1807 2234 1820 2267 :
1865 2208 1902 2269 si
1928 2216 2218 2289 partitione
2243 2226 2493 2274 utamurs

208 2286 251 2346 fi
270 2290 502 2348 nimiam
524 2288 858 2357 brevitatem,
877 2307 997 2366 qua,-
1023 2281 1398 2347 obscuritatem
1420 2291 1575 2368 parit,
1596 2290 1947 2349 vitaverimus
1963 2286 1982 2347 i
1998 2287 2037 2346 si
2060 2292 2116 2350 in
2143 2290 2322 2370 longis
2341 2287 2492 2349 brevi

214 2363 631 2424 interfatione&
652 2369 1091 2427 commonitione
1117 2382 1351 2426 utamur.
1433 2364 1847 2431 Credibilem,si
1881 2369 2073 2426 omnia
2112 2368 2493 2431 convenientia

214 2443 488 2521 personis,
516 2442 1047 2523 loeis‚temporibus,
1071 2460 1305 2513 naturae,
1339 2445 1748 2506 consuetudini,
1773 2444 2069 2502 hominum
2097 2440 2493 2522 opinionibus.

210 2528 266 2582 ἀ
289 2521 474 2582 canfis
495 2523 818 2601 rationesque
838 2522 998 2582 factis
1026 2522 1402 2584 consentaneas
1421 2524 1805 2603 protulerimus
1835 2545 1846 2578 ε
1879 2521 1917 2583 si
1940 2540 2391 2602 argumentorum
2417 2522 2495 2584 se·

202 2604 351 2662 mina
381 2621 476 2679 per
498 2619 669 2661 totam
694 2604 1061 2661 narrationem
1092 2603 1428 2679 sparserimus
1451 2626 1473 2659 .-
1497 2601 1538 2659 si
1574 2600 1742 2659 verbis
1772 2601 2081 2680 vulgaribus
2108 2609 2162 2662 ἀ
2182 2601 2496 2662 communi·

204 2681 315 2747 bus,
342 2679 535 2741 callida
558 2675 910 2758 simplicitatis
930 2681 1236 2739 imitatione
1260 2681 1523 2740 fuerimus
1548 2676 1640 2737 usi.
1728 2676 1765 2758 J
1796 2683 2177 2740 Narrationem
2202 2683 2255 2740 in
2271 2682 2492 2756 'judiciis

204 2759 475 2836 duplicem
493 2753 593 2817 csse
616 2758 778 2817 tradit
801 2780 814 2814 ε
849 2778 1018 2817 unam
1049 2757 1208 2836 ipsius
1234 2757 1427 2824 causae,
1458 2759 1681 2819 alteram
1709 2777 1887 2818 rerum
1906 2758 1976 2816 ad
2003 2760 2211 2820 causam
2232 2765 2500 2840 pertinen·

205 2840 359 2900 tiam.
415 2836 555 2894 bane
575 2836 758 2895 locum
782 2835 974 2896 habere
1002 2835 1092 2895 ubi
1128 2836 1333 2896 fastum
1380 2853 1604 2918 negatur
1625 2878 1641 2902 ,
1678 2842 1734 2894 &
1767 2836 1994 2915 longam
2026 2844 2192 2898 etiam
2231 2835 2332 2899 effe
2356 2841 2495 2897 circa

205 2934 519 2996 argumenta
539 2915 809 2980 criminis,
833 2913 903 2972 de
921 2916 1165 2973 ante-asta
1189 2916 1297 2974 vita
1315 2957 1331 2981 ,
1355 2915 1422 2975 de
1457 2913 1624 2974 causis
1642 2929 1858 2992 propter
1883 2935 2016 2991 quas
2040 2918 2306 2975 innocens
2325 2917 2378 2974 in
2402 2936 2498 2993 pe·

202 2996 423 3054 ticulum
448 2991 764 3055 deducatur,
783 2993 1024 3070 aliisque,
1042 2994 1236 3071 quibus
1258 2993 1411 3070 quod
1436 2993 1710 3067 objicitur,
1732 2992 2039 3051 incredibile
2059 2992 2175 3059 fiat.
2214 2995 2272 3054 td
2293 2994 2495 3074 ulyffis

202 3091 236 3131 a
257 3078 469 3132 Teucro
498 3072 728 3131 accusati
763 3071 1017 3148 exemplo
1038 3074 1274 3149 apertius
1303 3072 1493 3130 reddit.
1571 3075 1714 3129 Hinc
1742 3071 2153 3148 repetundarum
2182 3080 2238 3133 δι
2259 3076 2498 3138 ambitus

201 3155 397 3217 mulas,
414 3167 503 3212 tot
528 3152 885 3214 narrationes,
910 3166 1048 3225 quot
1073 3149 1393 3216 *obiiciantur
1418 3152 1670 3215 crimina,
1688 3149 1876 3208 habere
1905 3148 2068 3227 posse.
2140 3153 2178 3231 J
2213 3153 2498 3232 Subiungit

201 3237 250 3289 ἀ
270 3232 407 3289 alias
425 3270 440 3292 ,
465 3249 581 3287 non
606 3228 766 3306 ipsius
794 3227 960 3285 causat
978 3268 992 3289 ,
1034 3227 1119 3285 sed
1145 3228 1212 3285 ad
1235 3230 1447 3288 causam
1476 3232 1825 3304 pertinentes:
1866 3247 2095 3303 quarum
2118 3231 2235 3286 alia:
2263 3232 2499 3306 exempli

201 3310 341 3368 cansa
365 3305 531 3376 fiant5
552 3307 669 3366 aliae
689 3305 1231 3374 excutiendialicujus
1254 3305 1570 3363 extrinsecus
1592 3306 1833 3361 criminis
1848 3325 1867 3359 .·
1895 3303 2014 3362 aliae
2032 3307 2288 3384 augendi.
2329 3314 2499 3371 Pietas

205 3391 365 3446 etiam
392 3386 658 3444 introduci
681 3399 877 3444 monet
895 3425 911 3448 ‚
933 3384 1012 3445 vel
1032 3383 1100 3442 ad
1123 3381 1475 3441 concitandos
1496 3381 1697 3455 judices
1721 3422 1735 3446 ,
1771 3380 1852 3441 vel
1883 3381 1950 3439 ad
1978 3385 2290 3444 recreandos
2312 3390 2498 3470 aliqua

206 3466 531 3527 urbanitate:
553 3463 829 3524 interdum
851 3462 1018 3521 ctiam
1042 3481 1133 3537 per
1155 3459 1533 3541 digressionem
1550 3500 1566 3529 ,
1591 3460 1798 3518 decoris
1820 3464 2007 3538 gratia.
2054 3464 2271 3540 Qribus
2292 3469 2503 3527 duabus

215 3542 385 3602 imnis
409 3543 978 3607 contentus‚aliarum
1005 3542 1148 3616 plura
1163 3559 1354 3619 genera
1371 3539 1703 3604 facientium,
1727 3555 1787 3598 ut
1813 3540 2063 3615 personae,
2085 3543 2205 3607 loci,
2224 3550 2505 3624 temporis,

222 3623 463 3702 *um
482 3662 500 3684 ,
527 3629 630 3682 dcc.
684 3621 863 3679 nimis
906 3618 1120 3676 subtiles
1151 3617 1442 3679 divisiones
1469 3638 1582 3676 non
1609 3620 1812 3694 recipit.
1899 3620 2283 3682 Narrationcm
2310 3627 2502 3685 ordine

226 3701 412 3758 munh
438 3702 666 3761 exordio
701 3697 1145 3773 subjungendam
1169 3693 1361 3756 asserit.
1438 3695 1503 3753 ld
1529 3713 1711 3754 tamen
1741 3694 2009 3753 interdum
2036 3702 2357 3763 conditione
2374 3724 2503 3764 cau·

226 3773 372 3836 samm
387 3784 570 3839 mutari
587 3821 605 3843 ,
637 3793 703 3838 ut
730 3774 1123 3855 si,praejudiciis
1137 3792 1438 3855 gravemur,
1453 3790 1510 3833 ut
1535 3777 1587 3831 in
1607 3773 2019 3833 causaMilonis:
2042 3795 2134 3837 aut
2157 3782 2341 3840 multis
2373 3799 2500 3842 ante

216 3853 804 3919 §Qaevitacriminibus
824 3872 1139 3923 oneremur,
1162 3871 1220 3913 ut
1248 3858 1302 3912 in
1327 3851 1476 3910 causa
1503 3853 1655 3909 Caelii
1669 3891 1686 3920 ‚
1710 3871 1831 3930 quat
1859 3854 2004 3928 prius
2023 3859 2332 3919 amolienda
2360 3864 2502 3926 suni»,

206 3949 371 4012 quam
392 3939 443 3998 ad
470 3945 699 4004 causam
728 3929 1084 4001 accedamus.
1159 3937 1288 3996 Non
1309 3928 1411 3998 eise
1437 3932 1640 4005 semper
1662 3932 1992 3998 narrandum
2017 3939 2333 4003 contendit,
2377 3956 2504 3992 cum

1360 4046 1614 4088 *usn
1645 4029 1671 4080 3
2341 4011 2506 4074 eausa
