3557 5113
776 218 960 367 '‘”7'8
1118 218 1121 221 ⁷
1347 219 1497 325 M.
1605 224 1970 326 FA1311
2126 186 3110 363 Qmfflcmmam

666 519 884 612 Ca».
938 523 987 597 1.
1080 507 1380 591 feffioni
1425 503 1758 588 modum
1816 505 2107 588 demus.
2252 508 2345 584 Et‘
2395 505 2899 610 grammatice
2962 512 3243 610 (quam
3291 501 3374 581 in

1077 627 1450 702 Latinum
1519 619 2054 699 transferentes
2092 612 2138 707 ,⁰
2165 612 2648 699 literaturam
2717 631 3232 712 vocaverunt)
3293 614 3377 695 fi-

1079 763 1214 816 nes
1272 732 1439 811 suos
1492 736 1700 812 norit
1736 787 1759 819 ,
1826 731 2246 836 praesertim
2319 750 2620 807 tantum
2683 728 2775 806 ab
2840 727 2983 806 hac
3040 727 3376 833 appella-

1081 849 1312 926 tionis
1360 842 1505 923 suae
1555 863 1999 947 paupertate
2026 897 2048 932 ,
2113 843 2316 919 intra
2363 866 2600 947 quam
2648 842 2882 944 primi
2939 838 3051 916 illi
3095 839 3378 919 consti-

1085 982 1285 1046 tere,
1349 956 1731 1061 provecta.
1827 961 2034 1031 Nam
2091 953 2335 1032 tenuis
2382 979 2422 1028 a
2480 950 2739 1040 fonte,
2783 948 3200 1056 adsumptis
3240 974 3378 1056 po-

1080 1091 1386 1149 etarum
1435 1065 2132 1171 historicorumque
2195 1062 2477 1146 viribus
2501 1116 2521 1150 ‚
2576 1062 2812 1167 pleno
2841 1065 3013 1164 jam
3056 1062 3225 1141 satis
3265 1062 3375 1140 al-

1077 1209 1229 1263 veo
1304 1178 1529 1258 fluit:
1635 1203 1818 1257 cum
1873 1197 2150 1281 praeter
2223 1176 2604 1253 rationem
2669 1175 2882 1253 reite
2942 1172 3322 1280 loquendi
3350 1230 3374 1255 ‚

1070 1320 1232 1372 non
1290 1312 1567 1396 parum
1628 1289 1918 1395 alioqui
1975 1285 2369 1393 copiosam
2403 1339 2426 1376 ,
2493 1311 2739 1390 prope
2787 1289 3152 1364 omnium
3205 1313 3374 1363 ma-

1069 1406 1463 1482 ximarum
1527 1400 1810 1478 artium
1875 1388 2266 1477 scientiam
2323 1395 2679 1499 amplexa
2733 1392 2842 1474 sit.
2953 1402 3042 1475 Et
3109 1398 3376 1475 rheto-

1062 1517 1262 1604 rice,
1329 1514 1451 1590 cui
1498 1537 1793 1589 nomen
1849 1512 2085 1589 virtus
2142 1505 2559 1613 eloquendi
2623 1503 2880 1595 dedit,
2944 1507 3207 1587 officia
3248 1509 3376 1587 sua

1061 1654 1227 1705 non
1280 1621 1691 1710 detrestet,
1748 1646 1892 1698 nec
1935 1623 2296 1724 occupari
2344 1616 2671 1724 gaudeat
2711 1619 3242 1725 pertinentem
3278 1617 3376 1697 ad

1061 1737 1136 1814 st
1183 1734 1585 1813 laborem:
1679 1758 1850 1838 quae
1888 1729 2077 1809 dum
2122 1757 2358 1835 opere
2414 1726 2662 1817 cedit,
2715 1733 2876 1832 jam
2951 1756 3148 1837 pene
3201 1726 3376 1835 poss

1058 1844 1377 1927 senione
1427 1840 1738 1947 depulsa
1782 1840 1908 1919 est.
1971 1848 2168 1931 ,Nec
2225 1838 2661 1942 inficiam,
2717 1868 2818 1919 ex
2886 1842 2975 1943 ijs
3026 1841 3376 1948 aliquem

1060 1961 1196 2065 qui
1239 1957 1799 2060 grammaticen
1845 1952 2315 2057 profitentur
2343 2007 2388 2042 „
2432 1949 2763 2058 eousque
2829 1949 3130 2031 scientia
3185 1980 3373 2058 pro-

1056 2064 1278 2177 gredi
1335 2063 1541 2171 posse
1580 2120 1605 2155 ,
1688 2086 1773 2143 ut
1849 2062 1945 2144 ad
2001 2064 2162 2143 haec
2214 2090 2527 2172 quoque
2578 2060 2945 2143 tradenda
3000 2057 3376 2173 sufficiat:

1056 2178 1190 2259 sed
1227 2173 1529 2256 cum·id
1577 2198 1749 2282 aget
1773 2230 1797 2264 ,
1852 2175 2180 2256 rhetoris
2236 2175 2504 2256 officio
2549 2172 2958 2283 fungetur,
3013 2168 3176 2257 non
3209 2174 3375 2257 suo.

1058 2292 1228 2371 Nos
1282 2314 1524 2395 porro
1561 2290 1975 2394 quaerimus
1997 2342 2020 2377 ,
2064 2286 2378 2395 quando
2414 2288 2502 2387 ijs
2538 2313 2707 2394 quae
2724 2287 3133 2387 ,rhetorice
3175 2314 3386 2392 prae-‚

1060 2405 1251 2507 cipit
1285 2455 1309 2491 ,
1372 2395 1884 2505 percipiendis
1936 2426 2130 2505 puer
2200 2421 2546 2478 maturus
2597 2392 2739 2477 ess'e
2813 2392 3182 2481 videatur.
3290 2402 3384 2481 In

1064 2541 1226 2622 quo
1287 2508 1609 2619 quidem
1640 2536 1806 2594 non
1843 2506 1926 2589 id
1984 2510 2092 2589 est
2149 2505 2723 2600 aestimandum,
2781 2500 2993 2613 cujus
3045 2504 3381 2621 quisque

1062 2624 1157 2707 sit
1215 2627 1497 2712 aetatis,
1553 2620 1684 2702 sed
1743 2644 2123 2726 quantum
2166 2625 2246 2700 in
2304 2619 2566 2723 studijs
2624 2624 2782 2723 jam
2830 2620 3192 2702 effecerit.
3285 2625 3382 2703 Et

1065 2762 1166 2817 ne
1234 2734 1523 2814 diutius
1585 2731 1937 2810 differam
2001 2730 2313 2839 quando
2367 2729 2459 2812 fit
2518 2732 2815 2811 rhetori
2888 2729 3317 2815 tradendus
3357 2791 3386 2820 2

1063 2846 1168 2927 fic
1210 2847 1509 2952 optime
1545 2840 1753 2926 finiri
1781 2840 2027 2923 credo
2051 2898 2098 2936 ,,
2131 2870 2316 2932 cum
2352 2846 2662 2950 poterit.
2730 2836 2878 2922 Sed
2918 2845 3070 2926 hoc
3116 2844 3382 2953 ipsum

1066 2985 1171 3038 ex
1218 2958 1607 3063 superiore
1667 2950 1956 3060 pendet
2006 2954 2446 3061 quaestione.
2555 2959 2765 3034 Nam
2814 2950 2872 3033 fi
2922 2953 3384 3062 grammati-

1066 3094 1195 3150 ces
1282 3093 1563 3147 munus
1616 3064 1852 3171 usque
1919 3061 2020 3146 ad
2095 3063 2448 3146 suasorias
2501 3087 3006 3174 prorogatur,
3075 3067 3386 3150 tardius

1067 3182 1384 3262 rhetore
1431 3202 1629 3285 opus
1691 3174 1826 3255 est.
1922 3181 2000 3257 Si
2064 3179 2331 3280 rhetor
2377 3180 2632 3284 prima
2687 3180 2943 3284 operis
3009 3171 3117 3259 sui
3147 3271 3156 3277 g
3186 3181 3386 3261 offi-

1070 3297 1191 3372 cia
1246 3319 1409 3370 non
1456 3285 1744 3382 recuset
1768 3342 1791 3375 ,
1845 3316 1889 3366 a
1932 3291 2488 3370 narrationibus
2543 3290 2840 3380 statim,
2905 3292 2984 3372 &
3052 3291 3391 3372 laudan-

1073 3399 1158 3490 di
1198 3397 1838 3505 vituperandique
1875 3403 2254 3505 opuiculis
2295 3429 2476 3481 cura
2512 3405 2666 3492 eius
2706 3398 3190 3481 desideratur.
3239 3411 3390 3484 An

1064 3511 1892 3619 ‚ignoramuslantiquis
1929 3513 2083 3591 hoc
2128 3511 2338 3591 fuisse
2378 3511 2474 3592 ad
2520 3510 2952 3619 augendam
2996 3513 3396 3622 eloquen-

1073 3628 1267 3703 tiam
1334 3647 1576 3728 genus
1634 3624 2198 3703 exercitationis
2219 3678 2242 3714 ,
2309 3645 2398 3704 ut
2471 3624 2714 3704 theses
2784 3622 3128 3705 dicerent
3163 3683 3189 3709 ‚
3304 3632 3398 3710 δε

1072 3758 1532 3816 communes
1594 3729 1813 3830 locos
1848 3764 1896 3823 ,·
1965 3741 2047 3816 δε
2109 3758 2378 3818 caetera
2427 3740 2626 3815 ‘citra
2680 3734 3190 3843 complexum
3261 3770 3404 3826 re-

1068 3873 1259 3932 rum
1310 3842 1959 3951 personarumque
1976 3902 2001 3936 ,
2065 3848 2343 3952 quibus
2394 3876 2594 3928 verae
2649 3847 2994 3954 fiCtaeque
3047 3873 3401 3934 contro-

1072 3953 1331 4068 yeriiae
1376 3955 1916 4050 continentur?
2007 3961 2128 4040 Ex
2178 3982 2338 4071 quo
2389 3961 2647 4067 palam
2700 3959 2809 4041 est
2850 3984 3084 4070 quam
3127 3969 3404 4069 turpi-

3262 4097 3408 4172 {01¹⁸
