3557 5113
282 164 524 329 De
571 157 1010 368 Instit.
1056 127 1769 336 omna,
1800 156 2099 318 Lib.
2131 158 2295 317 11.
2645 195 2799 309 113

187 484 462 574 stimma
504 492 708 573 bene
751 483 1028 572 dicere.
1106 494 1393 601 Opus,
1439 490 1655 605 quod
1711 494 2051 581 efficitur
2102 489 2196 578 ab
2242 492 2483 575 artifi-
2506 524 2574 603 C
2578 515 2901 607 31».le

192 630 267 686 ce
299 662 321 696 ‚
367 604 445 685 id
499 604 612 685 est
658 604 858 684 bona
907 609 1177 685 oratio·
1271 612 1457 688 Haec
1499 613 1766 690 omnia
1816 611 2069 692 rursus
2098 605 2478 690 diducun-
2893 613 2898 618 ’

198 738 309 799 tur
352 724 425 798 in
500 716 801 824 species.
925 716 1074 798 Sed
1120 716 1252 796 illa
1310 719 1699 828 sequentia
1752 721 1889 803 suo
1938 718 2122 803 loco
2162 750 2181 800 z
2271 745 2476 799 nunc

195 852 341 941 quae
382 828 476 911 de
533 828 790 937 prima
851 849 1072 934 parte
1126 826 1518 914 tractanda
1573 833 1744 913 sunt
1767 889 1791 926 ‚
1835 831 2116 916 ordiar.

398 1050 688 1135 ANTE
730 1057 1038 1144 omnia,
1090 1046 1282 1163 quid
1319 1051 1428 1163 ‚fit
1465 1056 1852 1140 rhetorice
1895 1082 1915 1137 t
1982 1080 2153 1165 quae
2211 1052 2479 1136 finitur
2506 1062 2885 1152 CAPXV.

199 1163 487 1273 quidem
530 1168 741 1247 varie
778 1214 800 1255 ,
866 1161 991 1243 sed
1024 1166 1530 1274 quaestionem
1579 1170 1813 1250 habet
1854 1168 2269 1275 duplicem.
2342 1189 2475 1249 aut

205 1282 388 1356 enim
435 1275 533 1357 de
583 1275 954 1384 qualitate
1007 1278 1235 1385 ipfius
1277 1284 1388 1358 rei
1432 1335 1454 1370 ,
1513 1304 1644 1361 aut
1696 1275 1795 1361 de
1847 1278 2472 1386 comprehensio-

204 1411 288 1469 ne
325 1387 744 1468 verborum
791 1382 1139 1470 distensio
1192 1389 1321 1470 est.
1415 1394 1666 1471 Prima
1719 1421 1806 1472 ac
1876 1395 2258 1499 praecipua
2308 1396 2478 1497 opi-

204 1504 500 1579 nionum
545 1505 751 1580 circa
791 1501 944 1579 hoc
989 1499 1420 1600 differentia
1455 1556 1478 1593 ,
1527 1501 1742 1611 quod
1770 1496 1919 1606 ,alij
1981 1500 2228 1582 malos
2283 1524 2478 1609 quo-

206 1632 350 1720 que
402 1617 592 1691 viros
639 1604 855 1718 posse
896 1630 1242 1693 oratores
1291 1608 1445 1694 dici
1503 1635 1777 1722 putant
1827 1638 1845 1693 t
1913 1612 2035 1715 alij
2091 1624 2483 1723 (quorum

203 1746 331 1803 nos
362 1724 749 1834 stntentiae
787 1723 1270 1823 accedimus)
1335 1750 1641 1806 nomen·
1667 1727 1864 1823 hoc,
1922 1748 2322 1834 artemque
2376 1724 2475 1804 de

209 1856 339 1942 qua
379 1829 778 1945 loquimur
799 1885 822 1926 ‚
888 1829 1109 1917 bonis
1164 1836 1487 1917 demum
1541 1833 1774 1918 tribui
1825 1838 2124 1920 volunt.
2181 1842 2478 1934 Eorum

209 1952 440 2027 autem
476 1951 625 2059 qui·
665 1946 977 2028 dicendi
1030 1946 1479 2029 facultatem
1519 1969 1563 2029 a
1604 1950 1900 2051 majore
1948 1951 2312 2054 acmagis
2351 1975 2481 2026 eit-⁴

204 2059 505 2164 petenda
578 2065 759 2142 vitae
812 2052 1039 2139 laude
1091 2052 1492 2141 secernunt
1535 2115 1559 2150 ‚
1645 2053 1966 2169 quidam
2035 2055 2482 2141 rhetoricen
2601 2071 2615 2078 '

202 2174 352 2251 vim
402 2190 743 2258 tantum,
816 2165 1135 2280 quidam
1185 2167 1576 2252 scientiam
1609 2219 1633 2262 ‚
1656 2200 1657 2203 ¹
1681 2165 1815 2253 sed
1855 2193 2038 2253 non
2076 2169 2478 2261 virtutem,

205 2280 501 2391 quidam
548 2284 819 2374 usum,
876 2275 1201 2392 quidam]
1251 2298 1499 2363 artem
1546 2281 1869 2391 quidem
1899 2332 1922 2375 ,
1987 2281 2115 2363 sed
2157 2308 2201 2362 a
2240 2282 2479 2361 scicn-

206 2399 305 2473 tia
348 2396 756 2479 &virtute
810 2394 1232 2501 dijunstam
1256 2452 1277 2487 ‚
1329 2392 1651 2503 quidam
1718 2392 1959 2475 etiam
2013 2392 2476 2500 pravitatem

204 2507 576 2614 quandam
626 2512 829 2590 *artis
881 2566 904 2601 ,
994 2506 1076 2588 id
1149 2508 1257 2588 est
1332 2506 1783 2603 zanoa-msam
1829 2509 2474 2589 nominaverunt.

202 2621 305 2697 Hi
344 2620 501 2702 fere
550 2643 681 2702 aut
731 2628 813 2702 in
854 2615 1383 2729 persuadendo
1412 2672 1436 2710 ,
1499 2639 1628 2699 aut
1662 2624 1739 2701 in
1785 2615 2119 2700 dicendo
2171 2633 2344 2725 apte
2382 2615 2480 2696 ad

207 2732 802 2836 persuadendum
821 2791 844 2825 ‚
893 2730 1238 2841 positum
1286 2728 1559 2812 orandi
1609 2754 1891 2812 munus
1942 2724 2115 2810 sunt
2166 2727 2484 2808 arbitra-²

216 2845 282 2919 ti.
363 2846 439 2926 {d
495 2850 722 2927 enim
774 2846 944 2948 fieri
996 2843 1250 2952 potest
1300 2841 1394 2923 ab
1451 2870 1549 2922 eo
1599 2869 1916 2951 quoque
1938 2894 1961 2933 ‚
2008 2843 2146 2950 qui
2192 2841 2313 2923 vir
2352 2839 2486 2919 bo-

206 2975 328 3035 nus
377 2986 540 3039 non
594 2956 735 3038 sit.·
777 2958 903 3037 Est
956 2959 1192 3064 igitur
1228 2956 1341 3034 fre
1400 2951 1879 3035 uentisfimus
1930 2949 2126 3033 finis·
2154 2950 2488 3030 rhetori-

204 3089 320 3147 ces
366 3073 469 3150 vis
522 3066 1061 3178 persuadendi.
1156 2981 1399 3173 Qud
1448 3090 1599 3172 ego
1645 3069 1815 3148 vim
1874 3059 2210 3171 appe110,
2254 3061 2486 3168 pleri-

203 3203 342 3284 que
372 3182 866 3288 potestatem,
903 3179 1262 3261 nonnulli
1294 3173 1743 3258 facultatem
1772 3197 2096 3258 vocant:
2218 3200 2335 3252 uae
2371 3198 2491 3251 res

209 3316 289 3368 ne
340 3293 530 3401 quid
590 3289 861 3392 afferat
916 3293 1437 3398 ambiguitatis
1469 3346 1491 3379 ‚
1567 3291 1733 3370 vim
1776 3287 1957 3388 dico
2002 3275 2119 3377 τῆν
2163 3200 2491 3382 Ι(ἶ)”ι,ἰνιιι,,ι,ιιν.

216 3404 365 3482 Haec
412 3407 702 3513 opinio
758 3408 1142 3511 originem
1211 3401 1305 3483 ab
1358 3401 1683 3481 Isocrate
1741 3410 1772 3494 (
1791 3396 1845 3480 fi
1887 3420 2150 3478 tamen
2186 3424 2269 3475 re
2306 3422 2491 3477 vera

229 3513 319 3592 'ars
354 3544 516 3624 quae
580 3518 1171 3606 circumfertur,
1214 3518 1375 3619 ejus
1411 3508 1565 3609 est)
1601 3510 1845 3592 duxit.
1913 3513 2071 3615 Qi
2102 3535 2284 3588 cum
2317 3504 2488 3587 lon-·
2631 3519 2635 3523 *

235 3646 313 3724 ge
347 3625 420 3707 fit
477 3659 523 3709 a
580 3625 999 3709 voluntate
1051 3627 1595 3707 infamantium
1649 3625 1978 3705 oratoris
2022 3620 2284 3701 officia
2320 3673 2344 3710 ‚
2399 3617 2493 3698 fi-

236 3759 387 3817 nem
421 3745 593 3821 artis
665 3763 971 3822 temere
1013 3734 1606 3846 comprehendit
1648 3790 1671 3828 ,
1721 3733 1984 3817 dicens
2044 3731 2187 3814 esse
2232 3730 2497 3812 rheto-

222 3847 413 3929 ricen
449 3850 969 3958 persuadendi·
1017 3851 1380 3959 opificem
1434 3904 1458 3942 ,
1482 3893 1503 3902 ι·
1528 3848 1611 3928 id
1673 3848 1783 3927 est
1839 3844 2060 3933 πειθές
2108 3835 2501 3945 δημιεργόν.·

216 3961 461 4074 Neque
490 3970 725 4045 enim
794 3963 993 4041 mihi
1037 3963 1515 4070 permiserim
1560 3960 1838 4042 eadem
1889 3962 2008 4042 uti
2041 3955 2493 4040 declinatio-

1460 4076 1517 4152 P
1578 4098 1619 4152 2
2354 4086 2454 4140 ne
2472 4114 2501 4151 a
