3557 5113
676 255 908 377 ''55
1152 226 1301 365 M.
1444 254 1878 379 FAntr
2016 237 3169 395 Q‘1Ncr11L1A'isrx

570 555 727 634 ,ΕΔ
750 583 815 639 υ.
871 558 974 645 Χ,
1005 569 1171 626 non
1199 543 1344 627 smt
1395 541 1645 653 p'erofi
1688 600 1718 636 ‚
1763 541 2153 625 duraverit
2188 598 2211 633 ‚
2276 571 2442 624 non
2493 542 2601 623 est
2649 537 3315 629 committendum

1004 677 1090 739 ut
1143 655 1275 738 illa
1322 657 1553 739 dubia
1591 657 1905 746 faciam,
1960 653 2417 736 defensionis
2455 654 2966 736 solicitudine.
3029 659 3324 758 Qatn-

1006 771 1127 852 vis
1181 792 1443 850 autem
1497 769 1667 850 satis
1732 771 1889 873 jam
1952 795 2049 847 ex
2121 770 2208 870 ijs
2277 767 2558 874 ¹quibus
2611 768 2780 850 sum
2831 765 3078 848 modo
3140 764 3326 847 usus

1006 881 1426 989 exemplis,
1491 880 1806 961 credam
1870 877 2014 958 effe
2041 902 2042 905 ‘
2072 879 2604 969 manifestum,
2669 906 2839 987 quat
2901 879 3096 958 mihi
3142 934 3167 968 ,
3232 884 3322 960 δε

1008 1017 1384 1102 quatenus
1451 990 1736 1073 musice
1789 990 2085 1096 placeat
2128 1022 2146 1068 ε
2219 994 2556 1097 apertius
2616 1015 2878 1071 tamen
2942 990 3322 1098 profiten-

1008 1104 1201 1186 dum
1250 1127 1447 1213 puto
1475 1162 1498 1196 ,
1561 1131 1723 1184 non
1786 1104 1983 1181 hanc
2039 1131 2082 1182 a
2132 1131 2262 1182 me
2303 1107 2677 1210 praecipi,
2741 1130 2913 1210 quae
2972 1131 3179 1197 nunc
3231 1106 3320 1184 in

1008 1215 1249 1298 scenis
1303 1215 1773 1298 effoeminata
1810 1271 1832 1304 ‚
1900 1220 1978 1294 &
2037 1213 2444 1320 impudicis
2493 1213 2750 1295 modis
2805 1215 3079 1306 frasta,
3147 1243 3322 1299 nou

1009 1355 1112 1408 ex
1183 1351 1402 1434 parte
1457 1330 1784 1408 minima
1825 1382 1849 1415 ,
1923 1322 1980 1404 fi
2027 1324 2215 1432 quid
2269 1328 2352 1404 in
2420 1328 2642 1407 nobis
2702 1326 2941 1408 virilis
3010 1328 3328 1409 roboris.

1011 1440 1411 1530 manebat,
1476 1436 1761 1520 excidit
1805 1469 1821 1516 z
1889 1435 2018 1515 sed
2067 1464 2218 1543 qua
2267 1436 2526 1519 laudes
2571 1440 2893 1521 fortium
2940 1440 3326 1519 caneban-

1013 1575 1183 1642 tur,
1249 1578 1552 1661 quaque
1594 1557 1672 1630 &
1714 1547 1852 1655 ipsi
1897 1548 2137 1643 fortes
2188 1550 2596 1648 canebant,
2635 1577 2780 1631 nec
2845 1549 3195 1656 psalteria
3231 1555 3324 1633 δε

1005 1662 1385 1769 spadicas,
1444 1668 1681 1742 etiam
1728 1660 2147 1766 virginibus
2196 1662 2458 1767 probis
2499 1660 2948 1744 recusanda:
3015 1659 3146 1741 sted
3187 1688 3323 1743 co-

1006 1778 1443 1879 gnitionem
1495 1775 1810 1854 rationis
1825 1828 1848 1857 2
1914 1797 2083 1877 quae
2143 1772 2240 1856 ad
2272 1773 2705 1858 movendos
2759 1771 3327 1883 leniendosque

1000 1881 1315 1968 affeetus
1356 1885 1816 1992 plurimum,
1839 1884 2060 1967 valet.
2177 1892 2388 1967 Nam
2419 1888 3054 1993 &Pythagoram
3095 1912 3346 1967 acce-‚

1002 1999 1301 2103 pimus,
1367 1999 1792 2079 concitatos
1845 1993 1942 2078 ad
1988 2000 2152 2079 vim
2194 1997 2488 2104 pudicae
2530 1997 2805 2081 domui
2840 1997 3325 2082 afferendam

997 2112 1356 2210 juvenes,
1420 2108 1598 2210 jussa
1650 2130 1952 2189 mutare
1993 2112 2074 2189 in
2111 2108 2558 2216 spondaeum
2622 2110 2905 2192 modos
2950 2111 3262 2193 tibicina
3285 2167 3324 2206 ,

999 2219 1546 2325 composuisse:
1615 2225 1691 2303 &
1739 2219 2211 2327 Chrysippus
2263 2226 2499 2305 etiam
2539 2227 2932 2304 nutricum
2970 2221 3085 2302 illi
3124 2251 3320 2333 quae

999 2329 1412 2412 adhibetur
1459 2332 1872 2415 infantibus
1909 2331 2412 2425 auestationi,
2452 2333 2672 2417 suum
2713 2334 3112 2445 quoddam
3147 2363 3330 2419 car-

974 2467 1191 2533 ,men
1237 2440 1573 2551 affignat.
1666 2443 1795 2524 Est
1833 2446 2067 2526 etiam
2108 2474 2272 2527 non
2307 2445 2686 2528 inerudite
2728 2445 2827 2527 ad
2868 2445 3322 2532 declaman-

999 2551 1197 2635 dum
1244 2553 1420 2641 fiCta
1470 2559 1792 2637 materia
1812 2610 1836 2645 ‚
1889 2556 1968 2635 in
2015 2583 2168 2665 qua
2215 2561 2534 2665 ponitur
2574 2560 2857 2641 tibicen
2958 2564 3038 2641 ui
3095 2560 3326 2646 sacri-

999 2663 1266 2747 ficanti
1304 2657 1725 2773 Phrygium
1776 2669 2196 2758 cecinerat,
2261 2672 2436 2751 asto
2489 2672 2632 2755 illo
2687 2676 2770 2752 in
2815 2675 2897 2753 in
2928 2678 3185 2754 aniam
3231 2680 3328 2762 δε

1001 2802 1145 2882 per
1185 2781 1602 2884 praecipitia
1661 2775 1926 2858 delato
1960 2833 1984 2870 ‚
2042 2781 2367 2862 accusari
2397 2840 2425 2874 ‚
2498 2782 2715 2892 quod
2764 2785 2979 2866 causa
3028 2793 3338 2874 mortis

970 2889 1393 2976 -exstiterit.
1506 2916 1676 2997 quae
1727 2888 1785 2969 fi
1821 2888 1973 2969 dici
2008 2888 2238 2973 debet
2272 2895 2371 2974 ab
2408 2919 2760 2988 oratore,
2823 2925 2968 2978 nec
3011 2895 3162 2978 dici
3207 2903 3332 2982 ci-

963 3020 1119 3082 tra
1182 2999 1575 3083 scientiam
1649 2999 1976 3086 mufices
2048 3004 2300 3110 potest
2331 3063 2355 3098 ‚
2412 3007 2821 3116 quomodo
2885 3036 3047 3090 non
3107 3011 3334 3095 hanc

996 3116 1314 3222 quoque
1357 3135 1605 3196 artem
1648 3112 2138 3196 necessariam
2196 3117 2340 3200 effe
2399 3125 2618 3227 operi
2677 3121 2944 3202 nostro
2990 3121 3121 3204 vel
3159 3127 3333 3204 ini-

984 3226 1135 3330 qui
1185 3224 1710 3308 consentient?
1801 3230 1887 3310 ln
1947 3235 2376 3334 geometria
2417 3255 2723 3340 partem
2773 3235 3108 3336 fatentur
3146 3236 3334 3317 effla

994 3334 1275 3417 utilem
1313 3341 1592 3421 teneris
1627 3338 1992 3420 aetatibus,
2061 3345 2330 3447 agitari
2384 3371 2719 3453 namque
2788 3350 3087 3428 animos
3105 3401 3127 3435 ‚
3187 3369 3333 3427 at-

993 3472 1158 3552 que
1200 3453 1368 3534 acui
1414 3450 1719 3554 ingenia
1755 3505 1780 3540 ‚
1839 3453 1920 3530 δε
1974 3451 2453 3538 celeritatem
2509 3456 2988 3563 percipiendi
3038 3462 3344 3542 venire

993 3556 1177 3640 inde
1225 3558 1662 3643 concedunt
1683 3591 1707 3639 ε
1798 3559 1929 3644 sttd
1978 3563 2329 3671 prodesse
2383 3595 2560 3658 eam
2629 3597 2795 3670 non
2846 3593 2936 3653 ut
2994 3593 3350 3657 caeteras

992 3691 1248 3762 artes,
1304 3700 1489 3764 cum
1557 3695 1939 3781 perceptoe
2002 3674 2191 3770 fint,
2258 3679 2389 3780 sed
2448 3709 2631 3764 cum
2690 3681 3020 3767 discatur
3050 3737 3072 3771 ‚
3138 3689 3354 3772 exi-

988 3779 1325 3868 stimant.
1417 3789 1522 3865 Ea
1554 3786 1889 3894 vulgaris
1937 3792 2214 3895 opinio
2249 3793 2398 3876 est:
2463 3822 2607 3877 nec
2651 3790 2807 3878 fine
2850 3792 3072 3877 causa
3094 3792 3344 3882 surn-

992 3896 1111 3978 mi
1165 3899 1315 3978 viri
1375 3899 1612 3977 etiam
1663 3898 2091 4008 impensam
2149 3902 2332 3986 huic
2394 3903 2721 3988 scientiae
2768 3934 3092 4013 operam
3164 3906 3360 3991 de·-

989 4002 1297 4124 derunt.
1386 4013 1601 4099 Nam
1646 4037 1836 4099 cum
1895 4012 1988 4123 sit
2022 4020 2461 4127 geometria
2513 4015 2887 4106 divisam
2925 4046 3373 4140 numm-93

1010 4180 1015 4186 -
1094 4173 1101 4184 ·
1947 4177 1954 4190 ‹
3046 4153 3350 4250 atquq
