3557 5113
711 185 934 332 568
1265 126 1428 287 Μ..
1536 179 1912 346 FA-nu
2024 178 3054 348 ‘QuNc‘i-xmam

610 517 721 597 CA
737 538 796 596 ιι,
855 512 982 593 IV,
1029 513 1289 577 matur
1325 518 1414 575 ae
1453 488 1856 573 sustinetur
1880 487 2158 571 ultima
2197 523 2222 581 ,-
2272 485 2652 577 Recnlbbat
2689 517 2910 574 nem.
2992 482 3342 566 Versum

1027 611 1113 690 in
1154 611 1509 689 oratione
1546 603 1718 684 fieri
1748 658 1770 688 ,
1806 604 2067 682 multo
2108 598 2610 682 foediffimum
2648 601 2760 681 est
2788 622 3058 685 totum
3084 635 3106 677 .·
3149 599 3347 680 ficut

1032 721 1272 805 etiam
1314 719 1394 801 in
1428 739 1647 824 parte
1673 769 1698 806 ,
1749 714 2108 795 deforme
2141 745 2158 793 ε
2215 717 2478 820 utique
2510 701 2789 820 fi'pars
2820 712 3224 817 posterior
3266 714 3351 790 in

1032 829 1355 915 clausula
1386 825 2012 936 deprehendatur
2044 880 2067 918 ,
2159 845 2287 905 aut
2325 823 2578 905 rursus
2605 828 2824 931 prior
2854 829 2937 904 in
2975 821 3349 933 ingressu.

1015 951 1243 1024 *Nam
1281 940 1496 1052 quod
1532 941 1642 1021 est
1679 961 1951 1020 contra
1986 993 2009 1029 ‚
2071 935 2267 1042 saepe
2319 938 2551 1017 etiam
2604 936 2827 1017 decet
2920 991 2946 1028 ‚
3013 940 3208 1043 quia
3268 942 3350 1015 ὅ(

1031 1054 1280 1138 eludit
1316 1055 1632 1134 interim
1675 1054 1978 1159 optime
1998 1051 2269 1155 ‚prima
2314 1074 2491 1155 pars
2536 1049 2792 1130 versus
2824 1104 2850 1139 ‚
2896 1047 3097 1129 dum
3142 1051 3353 1127 intra

1036 1193 1312 1277 paucas
1342 1165 1689 1273 syllabas,
1734 1165 2115 1270 praecipue
2156 1159 2426 1240 senarii
2474 1183 2709 1269 atque
2768 1161 3179 1241 oftonarii.
3266 1175 3351 1238 In

1038 1281 1289 1387 (φάει
1303 1274 1520 1388 fiuffl
1553 1334 1596 1364 ,η
1666 1279 1975 1357 initium
2009 1272 2276 1352 senarii
2320 1272 2457 1362 est,
2490 1277 2836 1379 primum
2874 1301 3024 1380 pro
3106 1274 3350 1375 Quin.

1057 1393 1381 1502 Ligario
1418 1408 1649 1498 caput
1685 1386 1936 1469 cludit
1973 1419 1998 1468 .-
2035 1383 2181 1490 Effl
2228 1386 2613 1470 videatur,
2657 1412 2865 1465 nune
2921 1388 3158 1465 nimis
3188 1385 3350 1464 fre-

1041 1530 1331 1612 quens,
1367 1502 1856 1582 ostonarium
1898 1497 2232 1577 inchoat.
2283 1495 2503 1577 Talia
2541 1495 2712 1577 sunt
2749 1497 3344 1586 Demosthenis,-

1038 1610 1318 1728 πᾶσι-ἐ
1354 1610 1618 1699 ποία-ως
1655 1608 1714 1720 ³5}
1754 1612 1982 1696 ,πὲῐσ-ιν
2012 1608 2162 1706 ὁμῖν
2196 1611 2339 1701 ὅσην
2392 1610 2651 1688 εὔνοιαν·
2718 1615 2798 1691 ὅ(
2843 1631 3096 1691 totum
3135 1635 3347 1715 pene

1041 1730 1529 1834 principium.
1598 1728 1693 1803 Et
1735 1721 2006 1802 ultima
2030 1720 2390 1801 versuum
2412 1721 2638 1800 initio
2659 1727 3129 1806 conveniunt
3158 1750 3343 1802 ora·

1047 1843 1279 1918 tionis
1303 1873 1328 1916 .·
1361 1834 1508 1943 Efi
1529 1864 1773 1917 ‘vereor
1793 1890 1816 1919 ,
1855 1832 2146 1934 iudices.
2189 1837 2292 1927 &3
2316 1834 2846 1925 Animadverti,
2856 1836 3137 1942 jndices.
3166 1833 3336 1912 Sed

1047 1952 1264 2029 initia
1303 1949 1535 2027 initiis
1571 1974 1733 2027 non
1766 1946 2261 2025 conveniunt.
2310 1948 2400 2023 T.
2428 1945 2697 2026 Livius
2731 1946 3149 2026 hexametri
3184 1972 3331 2024 ex-

1052 2059 1287 2144 ordio
1325 2063 1614 2166 coepit3
1662 2057 2080 2164 faciurustze
2110 2083 2313 2168 opere
2327 2065 2653 2172 pretium
2664 2059 2828 2162 sem.
2876 2065 3077 2138 Nam
3122 2061 3233 2135 ita
3257 2086 3343 2137 e-

1045 2171 1248 2256 didit
1288 2227 1314 2266 ,
1371 2173 1634 2279 estque
1714 2170 1992 2254 melius
2035 2195 2273 2278 quam
2326 2195 2487 2277 quo
2540 2168 2788 2251 modo
2857 2168 3340 2251 emendatur.

1051 2292 1222 2366 Nec
1260 2275 1600 2365 clausulae
1623 2279 1965 2362 clausulis
2002 2316 2026 2358 .·
2060 2302 2143 2361 ut
2187 2283 2467 2361 Cicero
2488 2309 2509 2372 3
2555 2290 2730 2388 Qo
2773 2315 2882 2363 me
2911 2308 3193 2364 vertam
3214 2315 3342 2362 ne..-

1033 2401 1210 2504 Jc'io.
1239 2402 1372 2506 qui
1413 2398 1747 2476 trimetri
1787 2392 1958 2474 finis
1983 2392 2112 2473 est.
2180 2397 2662 2473 Trimetrum
2699 2401 2775 2476 ὅ(
2814 2431 2841 2486 ,-
2902 2413 3036 2476 Pro
3090 2397 3342 2501 misere

1054 2512 1284 2590 dicere
1327 2513 1555 2591 liceat.
1623 2514 1768 2591 Sex
1810 2508 2018 2586 enim
2056 2504 2294 2613 pedes
2336 2561 2359 2596 ,
2426 2527 2575 2586 tres
2624 2504 3139 2613 percussiones
3208 2510 3343 2589 ha·

1061 2624 1268 2703 bent.
1289 2624 1503 2724 Pejus
1548 2612 1843 2701 claudit
1878 2617 2050 2698 finis
2082 2620 2519 2698 hexametri
2561 2650 2577 2697 :
2618 2643 2697 2698 ut
2729 2626 3011 2702 Brutus
3055 2625 3139 2700 in
3177 2624 3344 2726 epi·

1063 2732 1317 2825 stolis3
1390 2748 1633 2845 Neque
1661 2740 1853 2812 enim
1890 2735 2001 2811 illi
2035 2735 2317 2811 malunt
2346 2728 2602 2810 habere
2635 2757 2908 2814 tutores
2937 2760 3067 2813 aut
3100 2736 3339 2841 defin-

1000 2848 1252 2954 -feres,
1285 2874 1695 2972 quanquam
1700 2845 1952 2952 stiunt
1974 2842 2303 2954 placue'ffe
2345 2852 2612 2923 Catoni.
2673 2846 2832 2925 Illic
2867 2849 3127 2929 minus
3168 2846 3340 2927 iiiut

1044 2957 1421 3039 notabiles
1495 3014 1520 3049 ‚
1597 2961 1778 3065 quia
1833 2957 1987 3035 hoc
2039 2984 2279 3065 genus
2324 2957 2663 3035 sermoni
2703 2963 3164 3064 proximum
3211 2959 3339 3039 est.

1042 3077 1308 3178 ltaque
1352 3076 1429 3150 δ(
1466 3071 1719 3152 versus
1765 3069 1847 3148 hi
1886 3068 2046 3147 fere
2082 3066 2449 3148 excidunt
2533 3123 2558 3158 ‚
2614 3096 2812 3177 quos
2850 3076 3147 3151 Brutus
3175 3070 3333 3178 ipah

1047 3179 1575 3288 componendi
1606 3179 1877 3283 duCtus
1908 3179 2157 3260 studio
2193 3177 2586 3285 saepissime
2627 3180 2804 3262 facit
2862 3236 2893 3283 ‚,
2954 3210 3129 3264 non
3166 3211 3335 3264 raro

1045 3293 1349 3374 Afinius
1388 3348 1411 3384 ,
1451 3292 1577 3373 sed
1615 3297 1852 3373 etiam
1899 3293 2180 3372 Cicero
2221 3318 2828 3399 nonnunquam,
2871 3317 2956 3375 ut
3000 3300 3085 3374 in
3134 3298 3337 3402 prin·

1041 3408 1251 3512 cipio
1295 3404 1549 3484 statim
1587 3407 1956 3485 orationis
1992 3407 2073 3483 in
2111 3407 2447 3485 Lucium
2478 3404 2858 3497 Pisonem3
2900 3424 3039 3489 Pro
3070 3410 3339 3497 diem

1047 3519 1407 3609 mortales,
1440 3526 1609 3631 quis
1631 3516 1750 3598 bic
1787 3521 2034 3598 illuxit
2074 3517 2282 3598 dies?
2314 3522 2501 3597 Non
2546 3520 2857 3603 minore
2903 3541 3176 3602 autem
3218 3551 3345 3605 cu-

1046 3656 1133 3709 ra
1165 3628 1572 3712 vitandum
1614 3629 1749 3721 est,
1783 3626 2149 3739 quicquid
2178 3625 2499 3739 ἒυςυθμον,
2541 3631 2768 3738 qu‘ale
2808 3632 2920 3713 est
2951 3632 3169 3740 apud
3190 3636 3337 3716 Sal-

1046 3722 1383 3831 lustiuni'5
1427 3740 1620 3847 Falsiv
1674 3751 2003 3852 queritur
2042 3741 2130 3822 de
2176 3765 2442 3824 natura
2465 3746 2634 3849 fita.
2700 3750 3088 3846 Qatnvis
3130 3752 3338 3839 enim

1053 3853 1307 3935 vincta
1329 3848 1449 3943 sit,
1486 3874 1746 3932 tamen
1771 3852 2016 3936 soluta
2051 3852 2299 3935 videri
2336 3849 2567 3936 debet
2592 3861 2878 3937 oratic.
2913 3864 3164 3968 Atqui
3190 3852 3323 3939 1²12-

1060 3986 1146 4049 to
1188 3961 1829 4075 diligentiisunus·
1859 3965 2445 4077 compositionis
2514 4022 2543 4061 ,
2603 3971 2687 4051 in
2741 3973 3056 4054 Timaeo
3096 3976 3321 4085 prima
