3557 5113
245 190 492 508 ⁹De
537 273 983 487 Instit.
1016 282 1758 460 Oratorem
1806 272 2440 450 LibVII.
2584 312 2811 429 397

193 605 329 675 te'm
369 638 395 685 ς
455 614 542 673 ut
583 618 928 702 quaerere
971 588 1299 673 doceam
1324 646 1349 683 ‚
1400 596 1483 674 δε
1535 593 1820 676 omisso
1880 594 2334 705 speciofiore
2379 603 2474 686 il-
2563 591 2751 674 CU-
2781 594 2838 697 ἔ·

186 706 256 787 lo
293 733 618 813 genere,
688 704 785 785 ad
840 702 1255 784 utilitatem
1307 732 1436 784 me
1497 702 1913 787 summitto
1969 710 2459 799 discentium.

191 824 448 897 Omnes
500 816 753 896 adbuc
802 817 1252 924 quaestiones
1295 845 1392 896 ex
1437 820 1757 923 persona
1813 827 2166 926 petitoris
2228 826 2455 930 ipfius
2586 839 2626 854 ‘

195 928 515 1009 duximus
558 960 575 1006 ε
624 956 761 1007 cur
817 955 976 1006 non
1030 925 1320 1033 aliquid
1377 934 1577 1008 circa
1631 953 1935 1034 patrem
1989 938 2454 1040 quaerimus?

192 1039 446 1122 dictum
503 1066 791 1143 nempe
853 1039 1017 1130 est3
1102 1047 1234 1118 Cui
1291 1048 1462 1149 quis
1524 1070 1663 1118 non
1730 1042 2018 1148 ψέγε)
2052 1100 2076 1128 ,
2145 1045 2448 1129 exheres

192 1162 315 1232 erit.
399 1158 564 1233 Cur
608 1177 768 1229 non
815 1174 1193 1229 conamur
1225 1155 1305 1229 δε
1356 1150 1482 1230 hic
1546 1177 1888 1257 quaerere
1931 1209 1955 1243 ,
2032 1183 2222 1237 num
2287 1163 2449 1240 cui-

193 1291 447 1372 cunque
508 1265 686 1370 quis
727 1288 887 1339 non
945 1256 1310 1340 affixerit?
1377 1264 1717 1342 Facimus
1770 1262 1919 1341 hoc
1974 1264 2162 1370 saepe
2219 1270 2299 1346 in
2360 1274 2449 1350 iis

189 1371 686 1455 controversiis
713 1428 735 1462 ‚
802 1375 881 1450 in
929 1371 1205 1478 quibus
1247 1394 1616 1475 petuntur
1676 1376 1756 1452 in
1801 1376 2101 1455 vincula
2138 1383 2272 1483 qui
2304 1408 2429 1483 pa-

192 1509 404 1565 rentes
457 1485 635 1564 suos
684 1510 842 1561 non
897 1481 1111 1561 alunt
1150 1513 1172 1576 3
1235 1509 1334 1561 an
1379 1511 1559 1562 eum
1609 1488 1741 1592 qui
1790 1485 2322 1567 testimonium
2362 1494 2444 1569 in

185 1595 393 1677 filium
434 1595 1006 1703 peregrinitatis
1066 1620 1288 1672 reum
1328 1591 1524 1673 dixit
1564 1595 1586 1673 ἓ
1667 1622 1760 1672 an
1797 1622 1979 1674 eum
2022 1601 2148 1702 qui
2190 1598 2443 1680 filium

186 1706 410 1788 lenoni
451 1706 848 1789 vendidit?
903 1711 988 1784 In
1023 1706 1177 1783 hoc
1220 1702 1318 1784 de
1352 1731 1513 1811 quo
1548 1706 1944 1814 loquimur
1984 1731 2226 1812 patre,
2250 1710 2442 1816 quid

195 1816 631 1925 apprehendi
671 1816 924 1924 potest
958 1815 980 1895 ἒ
1047 1820 1475 1897 Damnatus
1513 1817 1641 1896 est.
1758 1818 2167 1925 Numquid
2210 1814 2448 1926 igitur

186 1927 295 2009 lex
339 1930 430 2012 ad
484 1928 872 2011 absolutos
926 1949 1230 2007 tantum
1291 1949 1542 2033 patres
1590 1934 1931 2036 pertinet
1969 1930 1991 2010 Ξ
2057 1930 2247 2010 dura
2291 1937 2449 2039 pri-

187 2068 302 2121 ma
348 2042 597 2123 fronte
653 2040 993 2150 quaestio.
1084 2044 1270 2118 Non
1312 2036 1802 2146 desperemus
1837 2074 1857 2133 ς
1924 2041 2289 2122 credibile
2325 2044 2439 2124 est

187 2151 323 2232 hoc
385 2150 694 2235 voluisse
749 2148 1350 2258 legumlatorem
1417 2205 1442 2241 ,
1512 2159 1613 2230 ne
1674 2153 1954 2231 auxilia
2004 2154 2438 2236 liberorum

183 2265 682 2346 innocentibus
743 2262 1099 2344 deessent.
1191 2259 1340 2341 Sed
1381 2261 1534 2342 hoc
1593 2262 1849 2342 dicere
1905 2264 2181 2342 rustico
2218 2292 2442 2344 vere-

185 2375 488 2458 cundum
537 2377 651 2455 est
689 2432 715 2460 ‚
780 2384 956 2483 quia
1010 2379 1512 2454 innocentem
1554 2374 1765 2455 fuiffe
1804 2398 2105 2482 patrem
2142 2377 2445 2457 fatetur.

183 2490 318 2568 Dat
354 2488 561 2571 aliud
606 2507 1151 2595 argumentum
1196 2485 1780 2575 controverfiae3
1844 2505 2244 2568 Damnatus
2329 2519 2442 2569 ro-

184 2599 448 2682 ditionis
484 2630 651 2683 cum
695 2601 1038 2679 advocato
1098 2601 1352 2678 exalet.
1442 2602 1600 2679 Vix
1660 2599 1967 2680 videtur
2006 2599 2211 2705 poffe
2248 2515 2445 2690 ἐπὶ,

181 2733 256 2789 ut
294 2739 508 2817 poena
566 2712 738 2792 filio
790 2709 1063 2791 eadem
1101 2764 1124 2792 ‚
1195 2711 1394 2814 patri
1440 2714 1530 2789 ’δε
1572 2709 1626 2789 s1
1661 2709 1963 2790 affuerit
2003 2767 2024 2793 ‚
2062 2716 2138 2790 ὅ(
2194 2710 2247 2789 fi
2282 2738 2447 2803 non

184 2820 448 2904 affixerit
486 2881 515 2916 ,
582 2822 995 2904 constituta
1035 2818 1144 2899 sit.
1249 2823 1612 2900 Praeterea
1661 2821 1788 2900 lex
1842 2820 1939 2901 ad
1977 2822 2238 2901 exules
2275 2823 2447 2900 nul-

175 2931 235 3011 la
274 2940 620 3040 pertinet.
737 2941 925 3013 Non
978 2958 1169 3037 ergo
1218 2930 1581 3012 credibile
1633 2932 1790 3024 est,
1846 2959 2007 3011 non
2041 2932 2439 3015 'advocato

173 3040 481 3128 damnati
552 3048 982 3151 scriptum:
1061 3048 1190 3121 An
1239 3042 1523 3147 possint
1578 3047 1790 3122 enim
1840 3045 2043 3122 bona
2082 3044 2224 3123 ess'e
2281 3044 2440 3122 ulla

175 3156 446 3240 exulis?
509 3159 835 3240 rusticus
863 3202 870 3209 ·
899 3160 979 3235 in
1021 3177 1344 3261 utraque
1388 3175 1608 3259 parte
1667 3152 1989 3233 dubium
2048 3155 2241 3233 facit.
2304 3156 2438 3233 Di-

179 3263 383 3350 sertus
421 3276 498 3352 &
543 3269 797 3353 verbis
849 3267 1247 3348 inhaerebit
1273 3319 1297 3355 ‚
1361 3269 1442 3343 in
1482 3266 1755 3373 quibus
1809 3264 2018 3343 nulla
2078 3268 2434 3370 exceptio

177 3374 346 3465 est5
423 3387 494 3464 ὃ(
545 3403 873 3489 propter
935 3378 1086 3458 hoc
1170 3375 1417 3483 ipsum
1473 3403 1790 3483 poenam
1859 3375 2001 3455 ess'e
2075 3377 2444 3455 constituss

179 3507 326 3567 tam
362 3494 451 3572 eis
509 3499 650 3600 qui
707 3519 870 3573 non
932 3487 1289 3570 affuerint
1329 3545 1351 3580 ‚
1399 3517 1502 3569 ne
1547 3490 1896 3593 periculo
1930 3488 2139 3566 exilii
2187 3488 2444 3566 deter-

175 3622 450 3681 reantur
506 3606 607 3684 ab
653 3603 1156 3687 advocatione
1181 3610 1212 3695 ’ς
1282 3608 1358 3683 &
1417 3600 1783 3680 rusticum
1843 3604 2238 3678 innocenti
2279 3627 2440 3679 non

163 3708 418 3792 affiu‘ffe
480 3715 710 3798 dicet.
790 3765 795 3769 -
863 3712 1060 3793 Illud
1122 3717 1472 3817 protinus
1519 3740 1683 3791 non
1751 3711 2160 3817 indignum
2217 3711 2434 3819 quod

157 3849 554 3907 annotetur
601 3882 625 3918 ‚
691 3825 900 3933 poffe
956 3853 1053 3904 ex
1112 3852 1270 3903 uno
1327 3824 1522 3904 statu
1576 3821 1761 3903 duas
1813 3824 2209 3930 generales
2264 3824 2435 3902 fieri

149 3938 584 4041 quaestiones
640 3970 659 4031 3
760 3965 862 4017 an
913 3937 1245 4044 quisquis
1302 3992 1326 4027 ,
1402 3964 1501 4017 an
1558 3938 2009 4045 cuicunque.
2108 3943 2294 4017 Haec
2336 3962 2436 4013 ex

146 4046 428 4138 duabus
472 4047 826 4160 personis
873 4049 1176 4160 quaefita
1226 4050 1422 4133 sunt.
1491 4053 1576 4127 -E
1632 4055 1856 4130 tertia
1901 4053 2214 4156 autem,
2271 4071 2445 4155 quae

1377 4156 1691 4269 94013.
2343 4150 2455 4257 est.
