3557 5113
721 253 974 390 473
1153 228 1867 379 ..M-nin
1968 231 2370 391 Qum
2422 263 2839 387 crim
2892 252 3227 393 Ans·

693 598 708 612 .
736 600 809 686 C
887 598 894 605 .
938 574 1046 690 iv
1082 562 1330 631 mana·
1344 542 1796 635 viderentur
1838 554 2074 652 atque
2120 533 2389 629 usitata
2415 550 2454 624 s?
2509 545 2630 625 Sic
2682 524 3011 651 quoque
3036 541 3236 642 solet
3282 566 3372 653 ex

734 692 756 707 “
809 629 926 713 ”³
1048 661 1240 749 'alio
1282 656 1489 739 aliud
1520 659 1838 765 augeri:
1904 678 1992 737 ut
2026 682 2207 737 cum
2248 652 2700 739 Hannibalis
2756 654 3106 736 laudibus
3165 656 3372 739 belli·

1083 777 1195 869 eis
1238 770 1652 877 ampliatur
1700 766 1943 850 virtus
1982 771 2353 874 Scipionis
2408 799 2427 847 ε
2517 774 2597 851 &
2634 766 3183 849 fortitudinem
3214 770 3373 851 Gal·

1089 883 1352 966 lorum
1387 888 2124 988 =Germanorumque
2178 883 2558 961 miramur
2601 934 2629 963 ‚
2736 906 2899 987 quo
2965 877 3060 963 fit
3136 886 3372 982 irtajor

1090 1002 1181 1077 C.
1219 993 1523 1075 Caesaris
1562 992 1831 1099 gloria.
1930 990 2129 1077 lund
2168 1016 2481 1099 quoque
2546 990 2658 1071 est
2705 1018 2804 1071 ex
2856 980 3242 1072 relatione
3284 990 3369 1075 ad

1086 1104 1384 1214 aliquid
1421 1160 1446 1190 ‚
1495 1102 1713 1213 quod
1753 1130 1919 1185 non
1978 1104 2139 1208 eju's
2207 1105 2324 1183 rei
2369 1107 2614 1209 gratia
2677 1100 2978 1184 dictum
3041 1101 3373 1194 videtur,

1088 1214 1718 1324 amplificationis
1750 1242 2012 1322 genus.
2104 1220 2293 1295 Non
2328 1235 2600 1321 putant
2637 1212 3052 1320 indignum
3072 1217 3373 1318 Troiani

1067 1331 1508 1435 principes,
1531 1330 1806 1429 Graios
1830 1325 2353 1435 Troianosque
2375 1347 2697 1433 propter
2713 1327 3036 1407 Helenae
3062 1323 3372 1433 speeiem

1099 1459 1224 1521 ton
1267 1440 1472 1521 mala
1530 1461 1746 1519 tanto
1800 1442 2169 1546 temporis
2230 1437 2484 1544 spacio
2545 1437 2906 1518 sustinere
2926 1473 2974 1516 -.·
3039 1463 3372 1543 quaenam

1099 1554 1338 1659 igitur
1396 1549 1524 1633 illa
1563 1551 1816 1630 forma
1855 1545 2241 1630 credenda
2291 1548 2399 1628 est
2440 1548 2464 1630 Ξ
2530 1553 2719 1629 Non
2757 1550 2974 1629 enim
3021 1548 3178 1633 hoc
3208 1549 3369 1631 dicit

1096 1663 1305 1746 Paris
1361 1718 1386 1749 ,
1449 1663 1585 1769 qui
1626 1686 1801 1742 eam
1856 1663 2106 1766 rapuit
2172 1692 2199 1749 ,-
2273 1686 2443 1740 non*
2484 1660 2752 1768 aliquis
2820 1662 3117 1761 juvenis
3155 1692 3177 1757 3
3230 1687 3372 1744 non

1101 1801 1304 1855 nnus
1351 1801 1396 1853 e
1452 1771 1687 1879 vulgo
1727 1807 1753 1850 .·
1813 1769 1945 1852 sed
1999 1769 2210 1851 senes
2245 1825 2271 1862 ,
2313 1775 2392 1853 ὅ(
2418 1767 2996 1878 ,ρωάειιῑίίίἶπιὶ
3024 1826 3049 1861 ,
3094 1762 3172 1853 δέ
3226 1776 3369 1853 Pri·

1095 1884 1291 1964 amo
1338 1880 1755 1963 affidentes,
1866 1888 2164 1965 Verum
2226 1887 2306 1966 δε
2382 1883 2539 1990 ipse
2606 1909 2746 1963 rex
2778 1881 3116 1964 -decenni
3168 1883 3370 1963 bello

1105 1993 1514 2075 exhaustus
1545 2050 1568 2080 ,
1649 1991 1933 2075 amissis
1990 2015 2105 2075 tot
2157 1992 2415 2075 liberis
2451 2042 2478 2080 ‚
2577 1996 3038 2077 imminente
3082 1993 3372 2081 summo

1104 2103 1593 2198 discrimine,
1651 2108 1777 2186 cui
1831 2103 2108 2187 faciem
2156 2104 2413 2191 illam,
2453 2132 2553 2186 ex
2609 2131 2763 2214 qua
2819 2126 2935 2186 tot
3018 2104 3377 2213 lacryma·

1097 2244 1283 2299 rum
1323 2220 1551 2325 origo
1600 2213 1925 2297 fluxisset
1983 2269 2009 2307 ‚
2092 2215 2416 2299 invisam
2483 2238 2717 2327 atque
2785 2217 3371 2300 abominandam

1095 2328 1250 2410 esse
1295 2328 1704 2436 oportebat
1740 2384 1766 2411 ‚
1825 2332 1903 2408 δε
1950 2326 2163 2409 audit
2202 2328 2422 2419 haec,
2482 2333 2563 2410 &
2598 2356 2796 2412 -eam
2842 2326 3093 2410 filiam
3139 2329 3381 2436 appel·

1098 2439 1265 2522 lans
1320 2443 1528 2543 juxta
1580 2438 1656 2519 se
1714 2439 1967 2531 locat,
2007 2444 2086 2521 δε
2129 2439 2437 2520 excusat
2477 2442 2756 2533 etiam,
2806 2463 3036 2548 atquc
3079 2439 3227 2525 fibi
3254 2439 3380 2523 effe

1103 2549 1503 2633 malorum
1553 2549 1857 2635 causam
1914 2569 2166 2657 negat.
2245 2556 2414 2632 Nec
2466 2552 2666 2632 mihi
2728 2544 3040 2635 videtur
3075 2556 3165 2636 in
3185 2560 3381 2662 Sym·

1092 2661 1316 2770 pofio
1358 2662 1574 2746 Plato
1620 2718 1647 2755 ‚
1730 2689 1913 2743 curn
1994 2661 2481 2743 Alcibiadem
2551 2662 3060 2747 confitentem
3127 2666 3230 2747 de
3284 2664 3374 2752 se»

1099 2773 1293 2882 quid
1333 2804 1375 2854 a
1409 2781 1718 2855 Socrate
1756 2777 1917 2878 pati
1974 2772 2313 2882 voluerit
2350 2830 2372 2864 ,
2429 2799 2690 2855 narrat
2736 2832 2757 2859 ,
2823 2802 2913 2857 ut
2956 2777 3200 2858 illum
3244 2777 3381 2856 cul-

1091 2906 1310 2992 paret
1353 2885 1513 2965 haec
1553 2882 1932 2963 tradidisse
1998 2911 2016 2958 ε
2105 2884 2237 2965 sed
2280 2908 2363 2965 ut
2421 2891 2746 2966 Socratis
2792 2887 3178 2970 invistam
3221 2916 3381 2970 con-

1095 2999 1508 3080 tinentiam
1586 2993 2022 3076 ostenderet
2064 3050 2090 3088 ,
2165 3023 2351 3105 quae·
2424 3002 2821 3105 corrumpi
2879 2999 3381 3106 speciofiffimi

1087 3106 1447 3188 -hominis'
1486 3126 1648 3186 tam
1710 3106 1941 3186 obvia
1984 3107 2388 3190 voluntate
2441 3137 2606 3191 non
2658 3110 2931 3216 poffiet.
3051 3117 3269 3215 Qin
3293 3138 3379 3190 ex

1113 3218 1640 3303 instrumento
1711 3243 2024 3324 quoque
2084 3274 2107 3310 ,
2170 3221 2508 3302 heroum
2574 3223 2889 3304 illorum
2936 3222 3390 3332 magnitudo

1110 3327 1546 3412 aestimanda
1586 3329 1808 3409 nobis
1843 3327 2093 3411 datm-2
2185 3336 2369 3412 Huo
2391 3339 2725 3438 pertinet
2766 3321 3089 3441 clypeus
3116 3342 3380 3434 Aiacis.

1103 3445 1184 3522 δε
1227 3440 1432 3520 hasta
1474 3439 1711 3522 Pelias
1746 3438 2096 3523 Achillis.
2171 3447 2349 3547 Qa
2389 3448 2678 3527 virtute
2721 3448 3028 3552 egregie
3072 3448 3208 3528 est
3241 3447 3387 3529 ufiis

1111 3552 1199 3630 in
1237 3549 1582 3658 Cyclope
1634 3551 2028 3655 Virgilius·
2094 3559 2304 3636 Nam
2344 3555 2558 3662 quod
2611 3556 2809 3639 illud
2853 3583 3150 3664 corpus
3194 3585 3391 3641 men·

1115 3681 1194 3743 tc
1227 3664 1663 3768 concipiam
1694 3714 1719 3751 ‚
1766 3664 1981 3764 cujus
2298 3705 2307 3740 .-
2517 3706 2523 3712 ⁴

1175 3813 1178 3820 ’
1284 3801 1577 3891 'Trunca
1616 3823 1909 3890 manum
1929 3815 2161 3920 pinus
2200 3815 2382 3924 regit
2397 3816 2436 3890 ἓ
2459 3858 2558 3876 -·

1119 3983 1333 4102 Qd
1382 3986 1406 4080 ἒ
1478 4012 1657 4073 cum
1719 3992 1856 4107 yix
1914 3986 2245 4098 loricam
2309 3986 2468 4074 duo
2524 3983 3057 4102 multiplicem
3096 3987 3401 4182 cffnnixi

1936 4143 1949 4156 κ
2126 4133 2145 4180 ›
3176 4122 3400 4198 umor.-⁴
