3557 5113
382 141 630 378 De
669 139 1109 352 Irgstit.
1153 140 1870 318 Oratori'a,
1942 131 2243 300 Lib.
2270 142 2480 299 X.
2680 132 2903 311 637

252 452 355 540 fit
390 447 550 565 pro
572 449 697 540 lua
732 455 1007 542 scilicet
1037 459 1400 567 portione
1443 457 1899 568 perfectum.
2054 444 2569 574 scribendum
2591 454 2981 578 Cn‘vfi.

253 591 472 653 certe
510 598 909 686 nunquam
941 571 1053 655 est
1102 575 1397 681 magis,
1430 600 1669 683 quam
1700 580 2183 674 cum-multa
2220 580 2566 669 dicemus
2740 573 2741 578 Ν
2979 585 2984 591 ’

137 749 150 768 .
251 691 358 767 e'x
401 688 782 794 tempore.
878 694 985 769 lta
1020 690 1235 768 enim
1269 687 1690 782 servabitur
1726 688 2078 799 ponduS,
2102 698 2182 775 &
2218 698 2569 784 innatans

249 798 404 879 illa'
442 800 867 883 verborum
910 800 1233 882 facilitas
1272 802 1353 880 in
1389 801 1634 882 altum
1671 801 2085 888 reducetur
2114 863 2139 893 ‚
2191 806 2565 896 ‘ficut‘ru-

250 913 428 995 stici·
458 901 859 1022 proximas
909 919 1086 1000 vitis
1133 911 1426 994 radices
1473 938 1877 1022 amputant
1931 974 1955 1005 ,
2007 947 2181 1031 quae
2219 920 2435 1004 illam
2479 929 2564 1008 in

247 1027 658 1108 summum
694 1027 948 1111 solum
976 1025 1289 1118 ducant,
1328 1049 1410 1108 ut
1449 1028 1852 1112 inferiores
1909 1037 2214 1138 penitus
2253 1034 2564 1126 descen-

249 1138 521 1221 dendo
561 1135 1019 1224 firmentur.
1099 1148 1222 1224 Ac
1255 1139 1516 1222 nescio
1561 1168 1661 1222 an
1695 1164 2089 1255 utrunque
2141 1147 2344 1231 cum'
2382 1149 2567 1235 cur'a

249 1260 332 1338 δε
375 1253 1102 1342 studio'fecerimus,
1147 1257 1488 1338 invicem
1522 1252 1763 1362 profit
1797 1295 1823 1348 ,
1882 1280 1983 1346 ut*
2005 1257 2408 1350 scriben‘do
2445 1264 2563 1348 di-

251 1394 525 1448 camus
557 1367 1053 1478 diligentius,
1091 1364 1430 1451 dicendo
1475 1365 1903 1451 scribamus·
1949 1367 2261 1465 facilius.
2288 1373 2331 1448 'i
2364 1377 2562 1459 Scri-

246 1478 604 1562 bendum
635 1510 851 1590 ergo,
884 1484 1190 1593 quoties
1238 1480 1544 1561 licebit:
1590 1480 1647 1561 si
1700 1481 1784 1564 id
1825 1510 1990 1565 non
2025 1481 2376 1583 dabitur,
2427 1518 2560 1573 co-

247 1592 671 1701 gitandum
693 1631 717 1674 .·
747 1598 840 1678 ab
871 1619 1203 1704 utroque
1232 1591 1543 1685 exclusi,
1581 1593 1819 1678 debet
1848 1601 2113 1678 tameh
2147 1600 2442 1684 dicere:
2468 1624 2556 1687 ut

247 1733 514 1817 neque
558 1707 1073 1817 deprehensus
1104 1730 1373 1789 orator
1404 1762 1429 1799 ,
1467 1733 1722 1817 neque
1755 1708 2108 1817 litigator
2149 1712 2557 1800 destitutus

246 1819 406 1902 csse
443 1820 816 1905 videatur.
895 1822 1361 1930 Plerumque
1420 1842 1685 1901 autem
1730 1823 1972 1904 multa
2006 1828 2408 1932 agentibus
2439 1857 2557 1912 ac-

245 1933 447 2015 cidit
470 1991 494 2027 ,
530 1959 617 2016 ut
650 1938 998 2017 maxime
1039 1934 1480 2018 neceffiria,
1526 1939 1605 2015 &
1649 1941 1916 2045 utique
1942 1940 2159 2018 initia
2196 1938 2555 2038 scribant,

248 2071 532 2130 caetera
571 2075 743 2156 quae
784 2046 1034 2129 domo
1072 2046 1406 2130 afferunt
1431 2099 1456 2136 ,
1497 2050 1974 2154 cogitatione
2035 2051 2556 2159 complectan-

224 2182 375 2242 -eur
397 2216 426 2254 ,
485 2159 892 2242 ὠδώδει(
923 2184 1306 2270 tempore
1323 2173 1764 2241 occurrant.
1881 2161 2121 2264 Qod
2146 2164 2415 2252 fecisse
2444 2173 2559 2252 Μ.

250 2273 610 2356 Tullium
646 2279 1228 2357 commentariis
1261 2270 1490 2379 ipfius
1525 2295 1865 2379 apparet.
2001 2275 2148 2355 Sed
2200 2277 2560 2363 feruntur

255 2388 597 2470 aliorum
654 2415 969 2497 quoque
1027 2447 1049 2475 ,
1123 2392 1204 2470 ὅ(
1258 2387 1556 2468 inventi
1605 2386 1815 2467 forte
1875 2407 1960 2466 ut
2019 2416 2153 2469 eos
2214 2386 2556 2475 dicturus

251 2501 579 2612 quisque
622 2501 1188 2610 composuerat,
1227 2505 1306 2583 δε
1363 2500 1444 2579 in
1479 2498 1718 2578 libros
1769 2497 2040 2606 digesti
2094 2536 2119 2581 .-
2181 2524 2266 2583 ut
2303 2504 2557 2587 causa-

252 2644 434 2699 rum
496 2643 663 2724 quae
723 2614 892 2696 sunt
951 2616 1135 2698 astae
1202 2643 1245 2694 a
1314 2612 1587 2693 Servio
1626 2611 2021 2720 Sulpiti0,
2137 2618 2353 2720 cujus
2400 2638 2557 2702 tres

254 2731 649 2810 orationes
696 2727 1015 2810 exstant.
1161 2724 1308 2810 Sed
1347 2724 1456 2812 hi,
1493 2722 1591 2805 de
1634 2727 1911 2834 quibus
1947 2727 2239 2838 loquor
2272 2786 2295 2816 ,
2340 2723 2556 2811 co'm-

249 2845 617 2922 mentarii
657 2843 763 2941 ita
816 2840 985 2922 sunt
1029 2841 1320 2931 exacti,
1377 2861 1463 2920 ut
1497 2839 1592 2918 ab
1626 2839 1788 2946 ipso
1827 2840 2019 2920 mihi
2060 2845 2141 2921 in
2185 2844 2553 2923 memori-

253 2983 376 3036 am
439 2954 910 3062 posteritatis
948 2953 1094 3034 effe
1129 2952 1538 3037 videantur
1581 2952 2022 3058 compositi.
2076 2959 2284 3034 Nam
2342 2957 2568 3037 Cice-

250 3071 472 3149 ronis
513 3065 611 3148 ad
653 3065 978 3175 praesens
1019 3064 1267 3146 modo
1307 3087 1618 3170 tempus
1659 3085 1959 3170 aptatos
1996 3064 2312 3147 libertus
2344 3069 2566 3174 Tyro

253 3182 688 3261 contraxit:
730 3206 929 3287 quos
971 3205 1133 3258 non
1173 3173 1353 3256 ideo
1389 3173 1670 3256 excuso
1705 3232 1730 3270 ,
1787 3181 1965 3285 quia
2003 3203 2166 3258 non
2201 3178 2567 3286 probem,

256 3292 386 3372 sed
421 3314 512 3372 ut
543 3288 689 3373 fint
731 3294 977 3399 magis
1019 3288 1530 3370 admirabiles,
1607 3292 1693 3369 ln
1732 3287 1888 3370 hoc
1922 3317 2209 3398 genere
2259 3291 2570 3400 prorsus

264 3407 557 3510 recipio
592 3404 790 3485 hanc
820 3405 1143 3488 brevem
1192 3403 1783 3483 annotationem
1842 3458 1867 3494 ,
1940 3402 2392 3512 libellosque
2427 3410 2563 3515 qui

267 3514 391 3596 vel
423 3545 657 3597 manu
707 3538 1135 3608 teneantur,
1177 3520 1256 3597 ὃ(
1309 3510 1407 3595 ad
1445 3542 1639 3623 quos
1672 3517 1987 3596 interim
2033 3516 2408 3623 respicere
2446 3519 2560 3602 fas

262 3624 375 3707 fit.
458 3627 648 3710 lllud
673 3629 888 3738 quod
941 3632 1192 3710 Lenas
1220 3629 1609 3738 praecipit,
1655 3625 2011 3735 displicet
2054 3628 2270 3716 mihi,
2288 3658 2377 3710 ea
2394 3658 2567 3741 quae

260 3739 802 3847 scripserimus,
841 3742 1058 3825 velut
1099 3745 1183 3823 in
1222 3740 1585 3832 summas,
1623 3738 1781 3824 five
1817 3746 2423 3824 commentarios
2483 3748 2568 3826 ὅτ

201 3855 928 3971 “scapigtassopnferte.
986 3855 1172 3940 facit
1227 3857 1450 4047 eniti-1}
1486 3859 1566 3937 &
1619 3853 1962 3940 discendi
2004 3855 2569 4048 negligentlilam

1227 3969 1300 4050 L
1495 3994 1535 4046 2
2443 3993 2551 4049 aec
