<?xml version="1.0" encoding="UTF-8"?>
<!DOCTYPE html PUBLIC "-//W3C//DTD XHTML 1.0 Transitional//EN"
    "http://www.w3.org/TR/xhtml1/DTD/xhtml1-transitional.dtd">
<html xmlns="http://www.w3.org/1999/xhtml" xml:lang="en" lang="en">
 <head>
  <title>
</title>
<meta http-equiv="Content-Type" content="text/html;charset=utf-8" />
  <meta name='ocr-system' content='tesseract 3.04.00' />
  <meta name='ocr-capabilities' content='ocr_page ocr_carea ocr_par ocr_line ocrx_word'/>
</head>
<body>
  <div class='ocr_page' id='page_1' title='image "./deinstitutioneo00obregoog_0256.png"; bbox 0 0 3557 5113; ppageno 0'>
   <div class='ocr_carea' id='block_1_1' title="bbox 757 118 3133 299">
    <p class='ocr_par' dir='ltr' id='par_1_1' title="bbox 757 118 3133 299">
     <span class='ocr_line' id='line_1_1' title="bbox 757 118 3133 299; baseline -0.004 -29"><span class='ocrx_word' id='word_1_1' title='bbox 757 156 948 299; x_wconf 57' lang='lat'>&#39;1&#39;1&#39;4</span> <span class='ocrx_word' id='word_1_2' title='bbox 1328 150 1477 260; x_wconf 91' lang='lat' dir='ltr'>M.</span> <span class='ocrx_word' id='word_1_3' title='bbox 1571 154 1952 262; x_wconf 76' lang='lat' dir='ltr'>FAntt</span> <span class='ocrx_word' id='word_1_4' title='bbox 2098 118 3133 290; x_wconf 64' lang='lat' dir='ltr'>chtiuANrss</span> 
     </span>
    </p>
   </div>
   <div class='ocr_carea' id='block_1_2' title="bbox 668 437 3398 4230">
    <p class='ocr_par' dir='ltr' id='par_1_2' title="bbox 668 437 3396 4013">
     <span class='ocr_line' id='line_1_2' title="bbox 668 437 3386 553; baseline -0 -30"><span class='ocrx_word' id='word_1_5' title='bbox 668 446 1054 547; x_wconf 54' lang='lat' dir='ltr'>Camxv.</span> <span class='ocrx_word' id='word_1_6' title='bbox 1084 469 1231 536; x_wconf 83' lang='lat' dir='ltr'>ne,</span> <span class='ocrx_word' id='word_1_7' title='bbox 1292 471 1445 553; x_wconf 88' lang='lat' dir='ltr'>qua</span> <span class='ocrx_word' id='word_1_8' title='bbox 1489 448 1772 525; x_wconf 86' lang='lat' dir='ltr'>Ennius</span> <span class='ocrx_word' id='word_1_9' title='bbox 1825 448 1938 523; x_wconf 88' lang='lat' dir='ltr'>M.·</span> <span class='ocrx_word' id='word_1_10' title='bbox 1982 441 2426 551; x_wconf 83' lang='lat' dir='ltr'>Cethegum</span> <span class='ocrx_word' id='word_1_11' title='bbox 2487 441 2752 527; x_wconf 81' lang='lat' dir='ltr'>Suadae</span> <span class='ocrx_word' id='word_1_12' title='bbox 2790 437 3215 525; x_wconf 86' lang='lat' dir='ltr'>medullam</span> <span class='ocrx_word' id='word_1_13' title='bbox 3250 466 3386 525; x_wconf 67' lang='lat' dir='ltr'>vo-</span> 
     </span>
     <span class='ocr_line' id='line_1_3' title="bbox 1079 555 3389 683; baseline -0.002 -46"><span class='ocrx_word' id='word_1_14' title='bbox 1079 578 1224 638; x_wconf 89' lang='lat' dir='ltr'>cat.</span> <span class='ocrx_word' id='word_1_15' title='bbox 1366 555 1605 683; x_wconf 88' lang='lat' dir='ltr'>Apud</span> <span class='ocrx_word' id='word_1_16' title='bbox 1667 556 2070 636; x_wconf 85' lang='lat' dir='ltr'>Platonem</span> <span class='ocrx_word' id='word_1_17' title='bbox 2117 583 2430 664; x_wconf 91' lang='lat' dir='ltr'>quoque</span> <span class='ocrx_word' id='word_1_18' title='bbox 2479 562 2803 665; x_wconf 84' lang='lat' dir='ltr'>Gorgias</span> <span class='ocrx_word' id='word_1_19' title='bbox 2845 561 2928 636; x_wconf 90' lang='lat' dir='ltr'>in</span> <span class='ocrx_word' id='word_1_20' title='bbox 2972 556 3175 635; x_wconf 91' lang='lat' dir='ltr'>libro</span> <span class='ocrx_word' id='word_1_21' title='bbox 3245 559 3389 673; x_wconf 87' lang='lat' dir='ltr'>qui</span> 
     </span>
     <span class='ocr_line' id='line_1_4' title="bbox 1083 662 3388 795; baseline -0.002 -46"><span class='ocrx_word' id='word_1_22' title='bbox 1083 671 1406 749; x_wconf 88' lang='lat' dir='ltr'>nomine</span> <span class='ocrx_word' id='word_1_23' title='bbox 1476 672 1635 770; x_wconf 90' lang='lat' dir='ltr'>ejus</span> <span class='ocrx_word' id='word_1_24' title='bbox 1720 673 1826 749; x_wconf 82' lang='lat' dir='ltr'>im</span> <span class='ocrx_word' id='word_1_25' title='bbox 1802 670 2118 795; x_wconf 68' lang='lat' dir='ltr'>icriptus</span> <span class='ocrx_word' id='word_1_26' title='bbox 2185 667 2350 760; x_wconf 84' lang='lat' dir='ltr'>est,</span> <span class='ocrx_word' id='word_1_27' title='bbox 2436 667 2651 749; x_wconf 85' lang='lat' dir='ltr'>idern</span> <span class='ocrx_word' id='word_1_28' title='bbox 2706 670 2869 749; x_wconf 90' lang='lat' dir='ltr'>fere</span> <span class='ocrx_word' id='word_1_29' title='bbox 2926 666 3156 747; x_wconf 89' lang='lat' dir='ltr'>dicit:</span> <span class='ocrx_word' id='word_1_30' title='bbox 3252 662 3388 746; x_wconf 88' lang='lat' dir='ltr'>sed</span> 
     </span>
     <span class='ocr_line' id='line_1_5' title="bbox 1082 776 3386 909; baseline -0 -50"><span class='ocrx_word' id='word_1_31' title='bbox 1082 781 1283 860; x_wconf 90' lang='lat' dir='ltr'>hanc</span> <span class='ocrx_word' id='word_1_32' title='bbox 1330 777 1541 860; x_wconf 88' lang='lat' dir='ltr'>Plato</span> <span class='ocrx_word' id='word_1_33' title='bbox 1594 780 1797 863; x_wconf 91' lang='lat' dir='ltr'>illius</span> <span class='ocrx_word' id='word_1_34' title='bbox 1847 783 2301 886; x_wconf 84' lang='lat' dir='ltr'>opinionem</span> <span class='ocrx_word' id='word_1_35' title='bbox 2351 780 2534 862; x_wconf 88' lang='lat' dir='ltr'>vult</span> <span class='ocrx_word' id='word_1_36' title='bbox 2570 783 2887 909; x_wconf 64' lang='lat' dir='ltr'>accipi,</span> <span class='ocrx_word' id='word_1_37' title='bbox 2936 804 3098 858; x_wconf 88' lang='lat' dir='ltr'>non</span> <span class='ocrx_word' id='word_1_38' title='bbox 3145 776 3386 858; x_wconf 88' lang='lat' dir='ltr'>suam.</span> 
     </span>
     <span class='ocr_line' id='line_1_6' title="bbox 1081 850 3375 999; baseline -0.001 -27"><span class='ocrx_word' id='word_1_39' title='bbox 1081 897 1360 972; x_wconf 88' lang='lat' dir='ltr'>Cicero</span> <span class='ocrx_word' id='word_1_40' title='bbox 1408 892 1750 999; x_wconf 87' lang='lat' dir='ltr'>pluribus</span> <span class='ocrx_word' id='word_1_41' title='bbox 1807 890 1998 973; x_wconf 79' lang='lat' dir='ltr'>lOcis</span> <span class='ocrx_word' id='word_1_42' title='bbox 2052 890 2384 996; x_wconf 77' lang='lat' dir='ltr'>scripsit,</span> <span class='ocrx_word' id='word_1_43' title='bbox 2437 897 2765 973; x_wconf 88' lang='lat' dir='ltr'>oratoris</span> <span class='ocrx_word' id='word_1_44' title='bbox 2804 850 3156 971; x_wconf 78' lang='lat' dir='ltr'>officium</span> <span class='ocrx_word' id='word_1_45' title='bbox 3185 890 3375 983; x_wconf 81' lang='lat' dir='ltr'>effe,</span> 
     </span>
     <span class='ocr_line' id='line_1_7' title="bbox 1081 1002 3398 1110; baseline -0.001 -27"><span class='ocrx_word' id='word_1_46' title='bbox 1081 1003 1340 1084; x_wconf 85' lang='lat' dir='ltr'>dicere</span> <span class='ocrx_word' id='word_1_47' title='bbox 1393 1002 1734 1109; x_wconf 82' lang='lat' dir='ltr'>apposite</span> <span class='ocrx_word' id='word_1_48' title='bbox 1770 1003 1869 1083; x_wconf 88' lang='lat' dir='ltr'>ad</span> <span class='ocrx_word' id='word_1_49' title='bbox 1922 1002 2580 1110; x_wconf 86' lang='lat' dir='ltr'>persuadendum.</span> <span class='ocrx_word' id='word_1_50' title='bbox 2671 1010 2759 1084; x_wconf 91' lang='lat' dir='ltr'>In</span> <span class='ocrx_word' id='word_1_51' title='bbox 2814 1005 3220 1082; x_wconf 88' lang='lat' dir='ltr'>rhetoricis</span> <span class='ocrx_word' id='word_1_52' title='bbox 3278 1024 3398 1080; x_wconf 85' lang='lat' dir='ltr'>et·-</span> 
     </span>
     <span class='ocr_line' id='line_1_8' title="bbox 1082 1112 3374 1224; baseline 0.001 -31"><span class='ocrx_word' id='word_1_53' title='bbox 1082 1124 1287 1207; x_wconf 87' lang='lat' dir='ltr'>iam‚</span> <span class='ocrx_word' id='word_1_54' title='bbox 1339 1144 1536 1224; x_wconf 89' lang='lat' dir='ltr'>quos</span> <span class='ocrx_word' id='word_1_55' title='bbox 1592 1114 1747 1195; x_wconf 84' lang='lat' dir='ltr'>sine</span> <span class='ocrx_word' id='word_1_56' title='bbox 1796 1113 2036 1196; x_wconf 91' lang='lat' dir='ltr'>dubio</span> <span class='ocrx_word' id='word_1_57' title='bbox 2091 1112 2250 1222; x_wconf 88' lang='lat' dir='ltr'>ipse</span> <span class='ocrx_word' id='word_1_58' title='bbox 2312 1143 2475 1195; x_wconf 89' lang='lat' dir='ltr'>non</span> <span class='ocrx_word' id='word_1_59' title='bbox 2527 1117 2858 1222; x_wconf 81' lang='lat' dir='ltr'>probat,</span> <span class='ocrx_word' id='word_1_60' title='bbox 2913 1114 3158 1194; x_wconf 80' lang='lat' dir='ltr'>finem</span> <span class='ocrx_word' id='word_1_61' title='bbox 3201 1112 3374 1195; x_wconf 84' lang='lat' dir='ltr'>facit</span> 
     </span>
     <span class='ocr_line' id='line_1_9' title="bbox 1080 1220 3376 1334; baseline -0.001 -28"><span class='ocrx_word' id='word_1_62' title='bbox 1080 1225 1554 1333; x_wconf 89' lang='lat' dir='ltr'>persuadere.</span> <span class='ocrx_word' id='word_1_63' title='bbox 1704 1231 2006 1307; x_wconf 90' lang='lat' dir='ltr'>Verum</span> <span class='ocrx_word' id='word_1_64' title='bbox 2069 1234 2146 1308; x_wconf 70' lang='grc' dir='ltr'>ὃ(</span> <span class='ocrx_word' id='word_1_65' title='bbox 2195 1231 2519 1332; x_wconf 75' lang='lat' dir='ltr'>pecunia</span> <span class='ocrx_word' id='word_1_66' title='bbox 2562 1220 3008 1334; x_wconf 80' lang='lat' dir='ltr'>persuadet,</span> <span class='ocrx_word' id='word_1_67' title='bbox 3067 1230 3146 1305; x_wconf 73' lang='grc' dir='ltr'>ὃ(</span> <span class='ocrx_word' id='word_1_68' title='bbox 3201 1251 3376 1331; x_wconf 83' lang='lat' dir='ltr'>gra·</span> 
     </span>
     <span class='ocr_line' id='line_1_10' title="bbox 1086 1337 3377 1444; baseline -0.002 -26"><span class='ocrx_word' id='word_1_69' title='bbox 1086 1343 1251 1428; x_wconf 82' lang='lat' dir='ltr'>tia,</span> <span class='ocrx_word' id='word_1_70' title='bbox 1365 1343 1453 1418; x_wconf 88' lang='lat'>&amp;.</span> <span class='ocrx_word' id='word_1_71' title='bbox 1523 1339 1932 1419; x_wconf 72' lang='lat' dir='ltr'>auetoritas</span> <span class='ocrx_word' id='word_1_72' title='bbox 1992 1337 2379 1429; x_wconf 86' lang='lat' dir='ltr'>dicentis,</span> <span class='ocrx_word' id='word_1_73' title='bbox 2472 1340 2548 1419; x_wconf 70' lang='grc' dir='ltr'>δ’(</span> <span class='ocrx_word' id='word_1_74' title='bbox 2611 1337 2937 1444; x_wconf 88' lang='lat' dir='ltr'>dignitas</span> <span class='ocrx_word' id='word_1_75' title='bbox 2989 1393 3012 1428; x_wconf 88' lang='lat'>‚</span> <span class='ocrx_word' id='word_1_76' title='bbox 3089 1341 3169 1417; x_wconf 85' lang='lat'>&amp;</span> <span class='ocrx_word' id='word_1_77' title='bbox 3243 1362 3377 1443; x_wconf 85' lang='lat' dir='ltr'>po-</span> 
     </span>
     <span class='ocr_line' id='line_1_11' title="bbox 1081 1447 3388 1557; baseline -0 -28"><span class='ocrx_word' id='word_1_78' title='bbox 1081 1448 1375 1530; x_wconf 87' lang='lat' dir='ltr'>strcmo</span> <span class='ocrx_word' id='word_1_79' title='bbox 1456 1449 1792 1557; x_wconf 68' lang='lat' dir='ltr'>aspestus</span> <span class='ocrx_word' id='word_1_80' title='bbox 1878 1453 2114 1530; x_wconf 86' lang='lat' dir='ltr'>etiam</span> <span class='ocrx_word' id='word_1_81' title='bbox 2201 1449 2360 1556; x_wconf 91' lang='lat' dir='ltr'>ipse</span> <span class='ocrx_word' id='word_1_82' title='bbox 2433 1448 2588 1528; x_wconf 78' lang='lat' dir='ltr'>fine</span> <span class='ocrx_word' id='word_1_83' title='bbox 2644 1478 2894 1538; x_wconf 85' lang='lat' dir='ltr'>voce,</span> <span class='ocrx_word' id='word_1_84' title='bbox 2997 1475 3159 1554; x_wconf 85' lang='lat' dir='ltr'>quo</span> <span class='ocrx_word' id='word_1_85' title='bbox 3262 1447 3388 1529; x_wconf 88' lang='lat' dir='ltr'>vel</span> 
     </span>
     <span class='ocr_line' id='line_1_12' title="bbox 1078 1558 3390 1668; baseline -0.001 -28"><span class='ocrx_word' id='word_1_86' title='bbox 1078 1562 1520 1643; x_wconf 86' lang='lat' dir='ltr'>recordatio</span> <span class='ocrx_word' id='word_1_87' title='bbox 1603 1565 2070 1642; x_wconf 89' lang='lat' dir='ltr'>meritorum</span> <span class='ocrx_word' id='word_1_88' title='bbox 2135 1560 2492 1668; x_wconf 78' lang='lat' dir='ltr'>cujusque</span> <span class='ocrx_word' id='word_1_89' title='bbox 2545 1613 2572 1651; x_wconf 82' lang='lat'>,</span> <span class='ocrx_word' id='word_1_90' title='bbox 2655 1561 2786 1642; x_wconf 84' lang='lat' dir='ltr'>vel</span> <span class='ocrx_word' id='word_1_91' title='bbox 2843 1558 3069 1639; x_wconf 86' lang='lat' dir='ltr'>facies</span> <span class='ocrx_word' id='word_1_92' title='bbox 3126 1558 3390 1666; x_wconf 73' lang='lat' dir='ltr'>aliqua</span> 
     </span>
     <span class='ocr_line' id='line_1_13' title="bbox 1078 1668 3376 1777; baseline 0 -26"><span class='ocrx_word' id='word_1_93' title='bbox 1078 1673 1617 1761; x_wconf 81' lang='lat' dir='ltr'>miserabilis,</span> <span class='ocrx_word' id='word_1_94' title='bbox 1662 1673 1808 1753; x_wconf 90' lang='lat' dir='ltr'>vel</span> <span class='ocrx_word' id='word_1_95' title='bbox 1835 1673 2107 1753; x_wconf 81' lang='lat' dir='ltr'>formae</span> <span class='ocrx_word' id='word_1_96' title='bbox 2160 1669 2661 1777; x_wconf 85' lang='lat' dir='ltr'>pulchritudo</span> <span class='ocrx_word' id='word_1_97' title='bbox 2732 1670 3190 1751; x_wconf 81' lang='lat' dir='ltr'>sententiam</span> <span class='ocrx_word' id='word_1_98' title='bbox 3269 1668 3376 1751; x_wconf 80' lang='lat' dir='ltr'>di·-</span> 
     </span>
     <span class='ocr_line' id='line_1_14' title="bbox 1078 1748 3382 1891; baseline -0.001 -27"><span class='ocrx_word' id='word_1_99' title='bbox 1078 1785 1254 1866; x_wconf 69' lang='lat' dir='ltr'>stat.</span> <span class='ocrx_word' id='word_1_100' title='bbox 1417 1748 1625 1863; x_wconf 86' lang='lat' dir='ltr'>Nam</span> <span class='ocrx_word' id='word_1_101' title='bbox 1702 1787 1782 1863; x_wconf 73' lang='grc' dir='ltr'>δ’(</span> <span class='ocrx_word' id='word_1_102' title='bbox 1856 1788 1964 1863; x_wconf 91' lang='grc' dir='ltr'>Μ.</span> <span class='ocrx_word' id='word_1_103' title='bbox 2050 1784 2461 1891; x_wconf 83' lang='lat' dir='ltr'>Aquilium</span> <span class='ocrx_word' id='word_1_104' title='bbox 2558 1781 2974 1866; x_wconf 89' lang='lat' dir='ltr'>defendens</span> <span class='ocrx_word' id='word_1_105' title='bbox 3052 1786 3382 1864; x_wconf 83' lang='lat' dir='ltr'>Antoni</span> 
     </span>
     <span class='ocr_line' id='line_1_15' title="bbox 1076 1892 3374 2003; baseline -0.001 -28"><span class='ocrx_word' id='word_1_106' title='bbox 1076 1922 1168 1975; x_wconf 89' lang='lat' dir='ltr'>us</span> <span class='ocrx_word' id='word_1_107' title='bbox 1210 1949 1237 1987; x_wconf 84' lang='lat'>,</span> <span class='ocrx_word' id='word_1_108' title='bbox 1312 1921 1576 2002; x_wconf 89' lang='lat' dir='ltr'>quum.</span> <span class='ocrx_word' id='word_1_109' title='bbox 1631 1892 1836 1974; x_wconf 72' lang='lat' dir='ltr'>scissa</span> <span class='ocrx_word' id='word_1_110' title='bbox 1911 1894 2120 1976; x_wconf 86' lang='lat' dir='ltr'>veste</span> <span class='ocrx_word' id='word_1_111' title='bbox 2184 1897 2592 1975; x_wconf 86' lang='lat' dir='ltr'>cicatrices</span> <span class='ocrx_word' id='word_1_112' title='bbox 2644 1918 2858 2003; x_wconf 85' lang='lat' dir='ltr'>quas·</span> <span class='ocrx_word' id='word_1_113' title='bbox 2897 1898 2976 1975; x_wconf 56' lang='lat' dir='ltr'>isr</span> <span class='ocrx_word' id='word_1_114' title='bbox 3029 1921 3177 2000; x_wconf 78' lang='lat' dir='ltr'>pro</span> <span class='ocrx_word' id='word_1_115' title='bbox 3251 1922 3374 2000; x_wconf 86' lang='lat' dir='ltr'>pa·</span> 
     </span>
     <span class='ocr_line' id='line_1_16' title="bbox 1075 2004 3373 2112; baseline -0.002 -22"><span class='ocrx_word' id='word_1_116' title='bbox 1075 2010 1224 2091; x_wconf 85' lang='lat' dir='ltr'>tria</span> <span class='ocrx_word' id='word_1_117' title='bbox 1281 2009 1592 2111; x_wconf 64' lang='lat' dir='ltr'>pectore</span> <span class='ocrx_word' id='word_1_118' title='bbox 1641 2004 1962 2088; x_wconf 87' lang='lat' dir='ltr'>adverso</span> <span class='ocrx_word' id='word_1_119' title='bbox 2017 2005 2478 2112; x_wconf 67' lang='lat' dir='ltr'>suscepisset,</span> <span class='ocrx_word' id='word_1_120' title='bbox 2543 2004 2876 2086; x_wconf 84' lang='lat' dir='ltr'>ostendit</span> <span class='ocrx_word' id='word_1_121' title='bbox 2896 2062 2938 2089; x_wconf 84' lang='lat'>,-.</span> <span class='ocrx_word' id='word_1_122' title='bbox 2997 2033 3159 2084; x_wconf 91' lang='lat' dir='ltr'>non</span> <span class='ocrx_word' id='word_1_123' title='bbox 3202 2033 3373 2086; x_wconf 84' lang='lat' dir='ltr'>ora·</span> 
     </span>
     <span class='ocr_line' id='line_1_17' title="bbox 1078 2115 3394 2224; baseline -0 -27"><span class='ocrx_word' id='word_1_124' title='bbox 1078 2121 1308 2199; x_wconf 88' lang='lat' dir='ltr'>tionis</span> <span class='ocrx_word' id='word_1_125' title='bbox 1387 2117 1652 2198; x_wconf 85' lang='lat' dir='ltr'>habuit</span> <span class='ocrx_word' id='word_1_126' title='bbox 1730 2115 2099 2213; x_wconf 79' lang='lat' dir='ltr'>fiduciam</span> <span class='ocrx_word' id='word_1_127' title='bbox 2132 2172 2157 2210; x_wconf 90' lang='lat'>‚</span> <span class='ocrx_word' id='word_1_128' title='bbox 2220 2116 2350 2201; x_wconf 82' lang='lat' dir='ltr'>sed</span> <span class='ocrx_word' id='word_1_129' title='bbox 2412 2116 2654 2198; x_wconf 89' lang='lat' dir='ltr'>oculis</span> <span class='ocrx_word' id='word_1_130' title='bbox 2727 2116 3003 2224; x_wconf 83' lang='lat' dir='ltr'>populi</span> <span class='ocrx_word' id='word_1_131' title='bbox 3088 2122 3394 2217; x_wconf 65' lang='lat' dir='ltr'>Roma-5</span> 
     </span>
     <span class='ocr_line' id='line_1_18' title="bbox 1075 2227 3374 2337; baseline 0 -29"><span class='ocrx_word' id='word_1_132' title='bbox 1075 2230 1157 2309; x_wconf 88' lang='lat' dir='ltr'>ni</span> <span class='ocrx_word' id='word_1_133' title='bbox 1214 2232 1385 2313; x_wconf 87' lang='lat' dir='ltr'>vim</span> <span class='ocrx_word' id='word_1_134' title='bbox 1452 2227 1763 2310; x_wconf 80' lang='lat' dir='ltr'>attulit.</span> <span class='ocrx_word' id='word_1_135' title='bbox 1746 2262 1762 2278; x_wconf 93' lang='lat'><strong>·</strong></span> <span class='ocrx_word' id='word_1_136' title='bbox 1884 2257 2122 2337; x_wconf 89' lang='lat' dir='ltr'>quem</span> <span class='ocrx_word' id='word_1_137' title='bbox 2198 2229 2338 2309; x_wconf 78' lang='lat' dir='ltr'>illo</span> <span class='ocrx_word' id='word_1_138' title='bbox 2413 2227 2577 2335; x_wconf 73' lang='lat' dir='ltr'>ipso</span> <span class='ocrx_word' id='word_1_139' title='bbox 2657 2228 2958 2337; x_wconf 63' lang='lat' dir='ltr'>aspectu</span> <span class='ocrx_word' id='word_1_140' title='bbox 3035 2233 3374 2309; x_wconf 82' lang='lat' dir='ltr'>maxime</span> 
     </span>
     <span class='ocr_line' id='line_1_19' title="bbox 1071 2337 3370 2425; baseline 0 -4"><span class='ocrx_word' id='word_1_141' title='bbox 1071 2364 1389 2421; x_wconf 87' lang='lat' dir='ltr'>motum</span> <span class='ocrx_word' id='word_1_142' title='bbox 1435 2346 1527 2421; x_wconf 91' lang='lat' dir='ltr'>in</span> <span class='ocrx_word' id='word_1_143' title='bbox 1576 2340 1728 2421; x_wconf 90' lang='lat' dir='ltr'>hoc</span> <span class='ocrx_word' id='word_1_144' title='bbox 1805 2363 1888 2421; x_wconf 92' lang='lat' dir='ltr'>ut</span> <span class='ocrx_word' id='word_1_145' title='bbox 1956 2339 2383 2421; x_wconf 90' lang='lat' dir='ltr'>absolveret</span> <span class='ocrx_word' id='word_1_146' title='bbox 2431 2364 2710 2425; x_wconf 84' lang='lat' dir='ltr'>reum,</span> <span class='ocrx_word' id='word_1_147' title='bbox 2725 2394 2729 2399; x_wconf 91' lang='lat'><em>-</em></span> <span class='ocrx_word' id='word_1_148' title='bbox 2785 2338 3169 2423; x_wconf 89' lang='lat' dir='ltr'>creditum</span> <span class='ocrx_word' id='word_1_149' title='bbox 3243 2337 3370 2422; x_wconf 89' lang='lat' dir='ltr'>est.</span> 
     </span>
     <span class='ocr_line' id='line_1_20' title="bbox 1070 2446 3380 2562; baseline 0.001 -31"><span class='ocrx_word' id='word_1_150' title='bbox 1070 2456 1427 2562; x_wconf 86' lang='lat' dir='ltr'>Sergium</span> <span class='ocrx_word' id='word_1_151' title='bbox 1472 2450 1795 2562; x_wconf 85' lang='lat' dir='ltr'>quidem</span> <span class='ocrx_word' id='word_1_152' title='bbox 1825 2451 2154 2531; x_wconf 86' lang='lat' dir='ltr'>Galbam</span> <span class='ocrx_word' id='word_1_153' title='bbox 2204 2446 2692 2532; x_wconf 89' lang='lat' dir='ltr'>miseratione</span> <span class='ocrx_word' id='word_1_154' title='bbox 2748 2451 2947 2543; x_wconf 88' lang='lat' dir='ltr'>sola,</span> <span class='ocrx_word' id='word_1_155' title='bbox 3006 2479 3160 2562; x_wconf 77' lang='lat' dir='ltr'>qua</span> <span class='ocrx_word' id='word_1_156' title='bbox 3209 2481 3380 2534; x_wconf 89' lang='lat' dir='ltr'>non.</span> 
     </span>
     <span class='ocr_line' id='line_1_21' title="bbox 1071 2560 3376 2673; baseline 0.002 -30"><span class='ocrx_word' id='word_1_157' title='bbox 1071 2565 1245 2645; x_wconf 88' lang='lat' dir='ltr'>suos</span> <span class='ocrx_word' id='word_1_158' title='bbox 1306 2565 1553 2646; x_wconf 89' lang='lat' dir='ltr'>modo</span> <span class='ocrx_word' id='word_1_159' title='bbox 1604 2563 1885 2644; x_wconf 84' lang='lat' dir='ltr'>liberos</span> <span class='ocrx_word' id='word_1_160' title='bbox 1929 2560 2351 2670; x_wconf 87' lang='lat' dir='ltr'>parvulos</span> <span class='ocrx_word' id='word_1_161' title='bbox 2333 2592 2413 2643; x_wconf 88' lang='grc' dir='ltr'>ιιι</span> <span class='ocrx_word' id='word_1_162' title='bbox 2466 2569 2948 2650; x_wconf 84' lang='lat' dir='ltr'>concionem</span> <span class='ocrx_word' id='word_1_163' title='bbox 2987 2565 3376 2673; x_wconf 82' lang='lat' dir='ltr'>produxe-</span> 
     </span>
     <span class='ocr_line' id='line_1_22' title="bbox 1074 2675 3371 2784; baseline 0 -28"><span class='ocrx_word' id='word_1_164' title='bbox 1074 2699 1234 2766; x_wconf 86' lang='lat' dir='ltr'>rat,</span> <span class='ocrx_word' id='word_1_165' title='bbox 1293 2676 1421 2756; x_wconf 89' lang='lat' dir='ltr'>sed</span> <span class='ocrx_word' id='word_1_166' title='bbox 1493 2677 1699 2757; x_wconf 87' lang='lat' dir='ltr'>Galli</span> <span class='ocrx_word' id='word_1_167' title='bbox 1772 2680 2005 2756; x_wconf 89' lang='lat' dir='ltr'>etiam</span> <span class='ocrx_word' id='word_1_168' title='bbox 2077 2675 2375 2783; x_wconf 82' lang='lat' dir='ltr'>Sulpitij</span> <span class='ocrx_word' id='word_1_169' title='bbox 2425 2676 2679 2757; x_wconf 88' lang='lat' dir='ltr'>filium</span> <span class='ocrx_word' id='word_1_170' title='bbox 2728 2677 2872 2759; x_wconf 81' lang='lat' dir='ltr'>suis</span> <span class='ocrx_word' id='word_1_171' title='bbox 2923 2676 3083 2784; x_wconf 86' lang='lat' dir='ltr'>ipse</span> <span class='ocrx_word' id='word_1_172' title='bbox 3124 2682 3371 2758; x_wconf 85' lang='lat' dir='ltr'>mani-</span> 
     </span>
     <span class='ocr_line' id='line_1_23' title="bbox 1072 2785 3372 2906; baseline 0.001 -38"><span class='ocrx_word' id='word_1_173' title='bbox 1072 2787 1213 2906; x_wconf 88' lang='lat' dir='ltr'>bus</span> <span class='ocrx_word' id='word_1_174' title='bbox 1275 2787 1889 2876; x_wconf 86' lang='lat' dir='ltr'>circumtulerat,</span> <span class='ocrx_word' id='word_1_175' title='bbox 1903 2861 1906 2864; x_wconf 14' lang='grc' dir='ltr'><em>Α</em></span> <span class='ocrx_word' id='word_1_176' title='bbox 1957 2785 2300 2892; x_wconf 88' lang='lat' dir='ltr'>elapsum</span> <span class='ocrx_word' id='word_1_177' title='bbox 2349 2787 2558 2880; x_wconf 85' lang='lat' dir='ltr'>esse,</span> <span class='ocrx_word' id='word_1_178' title='bbox 2593 2817 2786 2870; x_wconf 87' lang='lat' dir='ltr'>cum</span> <span class='ocrx_word' id='word_1_179' title='bbox 2828 2789 3161 2878; x_wconf 87' lang='lat' dir='ltr'>aliorum</span> <span class='ocrx_word' id='word_1_180' title='bbox 3197 2818 3372 2870; x_wconf 89' lang='lat' dir='ltr'>mo-</span> 
     </span>
     <span class='ocr_line' id='line_1_24' title="bbox 1075 2868 3371 2998; baseline 0 -19"><span class='ocrx_word' id='word_1_181' title='bbox 1075 2868 1525 2983; x_wconf 85' lang='lat' dir='ltr'>numentis,</span> <span class='ocrx_word' id='word_1_182' title='bbox 1574 2922 1743 2998; x_wconf 88' lang='lat' dir='ltr'>tum</span> <span class='ocrx_word' id='word_1_183' title='bbox 1798 2901 2114 2979; x_wconf 86' lang='lat' dir='ltr'>Catonis</span> <span class='ocrx_word' id='word_1_184' title='bbox 2161 2904 2513 2980; x_wconf 89' lang='lat' dir='ltr'>oratione</span> <span class='ocrx_word' id='word_1_185' title='bbox 2574 2901 2932 2981; x_wconf 87' lang='lat' dir='ltr'>testatum</span> <span class='ocrx_word' id='word_1_186' title='bbox 2994 2901 3123 2981; x_wconf 86' lang='lat' dir='ltr'>est.</span> <span class='ocrx_word' id='word_1_187' title='bbox 3280 2906 3371 2981; x_wconf 84' lang='lat' dir='ltr'>Et</span> 
     </span>
     <span class='ocr_line' id='line_1_25' title="bbox 1072 3008 3374 3137; baseline 0.002 -47"><span class='ocrx_word' id='word_1_188' title='bbox 1072 3012 1464 3119; x_wconf 85' lang='lat' dir='ltr'>Phrynem</span> <span class='ocrx_word' id='word_1_189' title='bbox 1508 3038 1668 3090; x_wconf 89' lang='lat' dir='ltr'>non</span> <span class='ocrx_word' id='word_1_190' title='bbox 1716 3008 2136 3137; x_wconf 76' lang='lat' dir='ltr'>Hyperidis</span> <span class='ocrx_word' id='word_1_191' title='bbox 2170 3012 2508 3104; x_wconf 59' lang='lat' dir='ltr'>actione,</span> <span class='ocrx_word' id='word_1_192' title='bbox 2560 3039 3022 3122; x_wconf 84' lang='lat' dir='ltr'>quanquam</span> <span class='ocrx_word' id='word_1_193' title='bbox 3046 3011 3374 3094; x_wconf 87' lang='lat' dir='ltr'>admira-</span> 
     </span>
     <span class='ocr_line' id='line_1_26' title="bbox 1070 3121 3390 3233; baseline 0.001 -28"><span class='ocrx_word' id='word_1_194' title='bbox 1070 3123 1249 3212; x_wconf 89' lang='lat' dir='ltr'>bili,</span> <span class='ocrx_word' id='word_1_195' title='bbox 1315 3122 1440 3203; x_wconf 87' lang='lat' dir='ltr'>sed</span> <span class='ocrx_word' id='word_1_196' title='bbox 1488 3121 1806 3229; x_wconf 62' lang='lat' dir='ltr'>aspectu</span> <span class='ocrx_word' id='word_1_197' title='bbox 1831 3127 2239 3230; x_wconf 85' lang='lat' dir='ltr'>corporis,-</span> <span class='ocrx_word' id='word_1_198' title='bbox 2287 3123 2519 3233; x_wconf 92' lang='lat' dir='ltr'>quod</span> <span class='ocrx_word' id='word_1_199' title='bbox 2554 3125 2685 3207; x_wconf 87' lang='lat' dir='ltr'>illa</span> <span class='ocrx_word' id='word_1_200' title='bbox 2740 3121 3390 3232; x_wconf 68' lang='lat' dir='ltr'>speciosissimum·</span> 
     </span>
     <span class='ocr_line' id='line_1_27' title="bbox 1072 3232 3396 3343; baseline 0 -26"><span class='ocrx_word' id='word_1_201' title='bbox 1072 3236 1407 3342; x_wconf 86' lang='lat' dir='ltr'>alioqui,</span> <span class='ocrx_word' id='word_1_202' title='bbox 1471 3232 1777 3316; x_wconf 69' lang='lat' dir='ltr'>diducta</span> <span class='ocrx_word' id='word_1_203' title='bbox 1831 3234 2252 3318; x_wconf 81' lang='lat' dir='ltr'>nudaverat</span> <span class='ocrx_word' id='word_1_204' title='bbox 2306 3240 2642 3328; x_wconf 89' lang='lat' dir='ltr'>tunica</span> <span class='ocrx_word' id='word_1_205' title='bbox 2689 3261 2966 3343; x_wconf 82' lang='lat' dir='ltr'>putant</span> <span class='ocrx_word' id='word_1_206' title='bbox 3019 3239 3396 3343; x_wconf 70' lang='lat' dir='ltr'>pericula</span> 
     </span>
     <span class='ocr_line' id='line_1_28' title="bbox 1069 3344 3380 3454; baseline -0 -25"><span class='ocrx_word' id='word_1_207' title='bbox 1069 3344 1497 3430; x_wconf 85' lang='lat' dir='ltr'>liberatam.</span> <span class='ocrx_word' id='word_1_208' title='bbox 1628 3353 1820 3452; x_wconf 83' lang='lat' dir='ltr'>Qae</span> <span class='ocrx_word' id='word_1_209' title='bbox 1875 3346 1928 3427; x_wconf 86' lang='lat' dir='ltr'>fi</span> <span class='ocrx_word' id='word_1_210' title='bbox 1980 3353 2245 3428; x_wconf 89' lang='lat' dir='ltr'>omnia</span> <span class='ocrx_word' id='word_1_211' title='bbox 2293 3347 2804 3454; x_wconf 89' lang='lat' dir='ltr'>persuadent,</span> <span class='ocrx_word' id='word_1_212' title='bbox 2865 3376 3028 3428; x_wconf 93' lang='lat' dir='ltr'>non</span> <span class='ocrx_word' id='word_1_213' title='bbox 3080 3348 3184 3428; x_wconf 88' lang='lat' dir='ltr'>est</span> <span class='ocrx_word' id='word_1_214' title='bbox 3237 3349 3380 3428; x_wconf 86' lang='lat' dir='ltr'>hic</span> 
     </span>
     <span class='ocr_line' id='line_1_29' title="bbox 1070 3457 3379 3578; baseline 0.001 -40"><span class='ocrx_word' id='word_1_215' title='bbox 1070 3459 1168 3546; x_wconf 90' lang='lat' dir='ltr'>de</span> <span class='ocrx_word' id='word_1_216' title='bbox 1275 3487 1380 3537; x_wconf 93' lang='lat' dir='ltr'>uo</span> <span class='ocrx_word' id='word_1_217' title='bbox 1432 3459 1671 3538; x_wconf 86' lang='lat' dir='ltr'>locuti</span> <span class='ocrx_word' id='word_1_218' title='bbox 1720 3459 2016 3547; x_wconf 88' lang='lat' dir='ltr'>sumus,</span> <span class='ocrx_word' id='word_1_219' title='bbox 2082 3459 2402 3578; x_wconf 84' lang='lat' dir='ltr'>idoneus</span> <span class='ocrx_word' id='word_1_220' title='bbox 2453 3460 2644 3540; x_wconf 85' lang='lat' dir='ltr'>finis.</span> <span class='ocrx_word' id='word_1_221' title='bbox 2800 3457 3137 3568; x_wconf 83' lang='lat' dir='ltr'>Ideoque</span> <span class='ocrx_word' id='word_1_222' title='bbox 3195 3458 3379 3541; x_wconf 84' lang='lat' dir='ltr'>dili-</span> 
     </span>
     <span class='ocr_line' id='line_1_30' title="bbox 1065 3486 3380 3680; baseline 0.002 -32"><span class='ocrx_word' id='word_1_223' title='bbox 1065 3486 1458 3677; x_wconf 59' lang='lat' dir='ltr'>genclores</span> <span class='ocrx_word' id='word_1_224' title='bbox 1513 3567 1645 3651; x_wconf 83' lang='lat' dir='ltr'>visi</span> <span class='ocrx_word' id='word_1_225' title='bbox 1694 3567 1863 3652; x_wconf 91' lang='lat' dir='ltr'>sunt</span> <span class='ocrx_word' id='word_1_226' title='bbox 1924 3568 2108 3660; x_wconf 85' lang='lat' dir='ltr'>sibi,</span> <span class='ocrx_word' id='word_1_227' title='bbox 2155 3571 2303 3680; x_wconf 85' lang='lat' dir='ltr'>qui</span> <span class='ocrx_word' id='word_1_228' title='bbox 2331 3599 2514 3652; x_wconf 85' lang='lat' dir='ltr'>cum</span> <span class='ocrx_word' id='word_1_229' title='bbox 2560 3571 2656 3653; x_wconf 86' lang='lat' dir='ltr'>de</span> <span class='ocrx_word' id='word_1_230' title='bbox 2712 3572 3094 3656; x_wconf 83' lang='lat' dir='ltr'>rhetorice</span> <span class='ocrx_word' id='word_1_231' title='bbox 3151 3571 3380 3653; x_wconf 87' lang='lat' dir='ltr'>idem</span> 
     </span>
     <span class='ocr_line' id='line_1_31' title="bbox 1065 3681 3394 3790; baseline 0 -28"><span class='ocrx_word' id='word_1_232' title='bbox 1065 3681 1475 3774; x_wconf 84' lang='lat' dir='ltr'>sentirent,</span> <span class='ocrx_word' id='word_1_233' title='bbox 1541 3683 2170 3763; x_wconf 84' lang='lat' dir='ltr'>existimaverunt</span> <span class='ocrx_word' id='word_1_234' title='bbox 2210 3710 2429 3774; x_wconf 87' lang='lat' dir='ltr'>eam,</span> <span class='ocrx_word' id='word_1_235' title='bbox 2493 3687 2657 3768; x_wconf 88' lang='lat' dir='ltr'>vim</span> <span class='ocrx_word' id='word_1_236' title='bbox 2701 3682 3034 3768; x_wconf 87' lang='lat' dir='ltr'>dicendo</span> <span class='ocrx_word' id='word_1_237' title='bbox 3060 3685 3394 3790; x_wconf 81' lang='lat' dir='ltr'>persua-</span> 
     </span>
     <span class='ocr_line' id='line_1_32' title="bbox 1060 3791 3376 3904; baseline 0.002 -30"><span class='ocrx_word' id='word_1_238' title='bbox 1060 3791 1316 3875; x_wconf 89' lang='lat' dir='ltr'>dendi.</span> <span class='ocrx_word' id='word_1_239' title='bbox 1434 3799 1696 3894; x_wconf 79' lang='lat' dir='ltr'>Quem</span> <span class='ocrx_word' id='word_1_240' title='bbox 1742 3794 1988 3875; x_wconf 88' lang='lat' dir='ltr'>finem</span> <span class='ocrx_word' id='word_1_241' title='bbox 2041 3798 2369 3904; x_wconf 84' lang='lat' dir='ltr'>Gorgias</span> <span class='ocrx_word' id='word_1_242' title='bbox 2417 3800 2498 3879; x_wconf 88' lang='lat' dir='ltr'>in</span> <span class='ocrx_word' id='word_1_243' title='bbox 2550 3797 2834 3881; x_wconf 87' lang='lat' dir='ltr'>eodem</span> <span class='ocrx_word' id='word_1_244' title='bbox 2876 3795 2974 3876; x_wconf 90' lang='lat' dir='ltr'>de</span> <span class='ocrx_word' id='word_1_245' title='bbox 3029 3821 3198 3904; x_wconf 92' lang='lat' dir='ltr'>quo</span> <span class='ocrx_word' id='word_1_246' title='bbox 3253 3797 3376 3879; x_wconf 84' lang='lat' dir='ltr'>su-</span> 
     </span>
     <span class='ocr_line' id='line_1_33' title="bbox 1060 3903 3380 4013; baseline -0.003 -15"><span class='ocrx_word' id='word_1_247' title='bbox 1060 3932 1202 4013; x_wconf 77' lang='lat' dir='ltr'>pra</span> <span class='ocrx_word' id='word_1_248' title='bbox 1261 3904 1595 3993; x_wconf 74' lang='lat' dir='ltr'>diximus</span> <span class='ocrx_word' id='word_1_249' title='bbox 1648 3904 1897 4002; x_wconf 83' lang='lat' dir='ltr'>libro,</span> <span class='ocrx_word' id='word_1_250' title='bbox 1950 3903 2164 3994; x_wconf 87' lang='lat' dir='ltr'>velut</span> <span class='ocrx_word' id='word_1_251' title='bbox 2211 3911 2516 3995; x_wconf 70' lang='lat' dir='ltr'>eoastus</span> <span class='ocrx_word' id='word_1_252' title='bbox 2569 3937 2614 3995; x_wconf 88' lang='lat' dir='ltr'>a</span> <span class='ocrx_word' id='word_1_253' title='bbox 2660 3917 2970 3997; x_wconf 79' lang='lat' dir='ltr'>Socrate</span> <span class='ocrx_word' id='word_1_254' title='bbox 3019 3907 3225 3993; x_wconf 82' lang='lat' dir='ltr'>facit.</span> <span class='ocrx_word' id='word_1_255' title='bbox 3329 3940 3380 3992; x_wconf 86' lang='lat' dir='ltr'>a</span> 
     </span>
    </p>

    <p class='ocr_par' dir='ltr' id='par_1_3' title="bbox 2447 4046 3379 4230">
     <span class='ocr_line' id='line_1_34' title="bbox 3192 4046 3379 4135; baseline 0.021 -33"><span class='ocrx_word' id='word_1_256' title='bbox 3192 4046 3379 4135; x_wconf 82' lang='lat' dir='ltr'>quo</span> 
     </span>
     <span class='ocr_line' id='line_1_35' title="bbox 2447 4187 2512 4230; baseline 0 0"><span class='ocrx_word' id='word_1_257' title='bbox 2447 4187 2512 4230; x_wconf 57' lang='grc' dir='ltr'>Χ</span> 
     </span>
    </p>
   </div>
  </div>
 </body>
</html>
