3557 5113
715 259 929 381 330
1235 234 1246 240 ’
1340 214 1500 321 Μ.
1614 216 1986 320 ΡΑΒιι
2078 212 3126 345 ·Q1'NC,‘-1'·11-1AN1

747 528 815 603 C
839 538 963 598 ΑΡ.
1076 504 1368 587 lecticis
1417 500 2067 611 disputationibus
2107 501 2279 577 erit.
2306 494 2681 602 similior,
2717 521 2955 604 quam
3010 494 3251 577 nostri
3291 525 3383 578 ο.

749 620 964 720 Χιν,
1076 621 1280 728 peris
1332 619 1754 699 afflonibus
1798 670 1822 706 ‚
1895 624 2066 722 quae
2134 607 2457 719 quidem
2529 613 2734 689 intei-
2804 607 2878 688 se
2950 608 3381 715 plurimum

1078 729 1473 814 differunt.
1570 737 1933 836 Namque
1963 724 2079 804 illi
2116 723 2476 803 homines
2521 721 2732 803 desti
2769 779 2792 813 ‚
2847 727 2927 800 δε
2991 725 3194 801 inter
3247 720 3384 804 do·

1080 847 1246 925 &os
1275 872 1550 926 verum
1589 856 2065 949 quaerentes,
2114 834 2486 947 minutiu'ss
2527 841 2605 916 δε
2649 832 3157 940 scrupulosius
3185 834 3382 915 scru-

1091 978 1349 1037 tantur
1397 946 1713 1038 omnia,
1755 959 1851 1053 &.
1884 950 1982 1030 ad
2041 948 2429 1057 liquidum
2486 947 3062 1055 confessumque
3107 947 3380 1054 perdu-

1087 1078 1330 1167 cunt:
1396 1089 1483 1146 ut
1536 1070 1671 1173 qui
1725 1062 1867 1143 fibi
1916 1070 1994 1144 δὲ
2071 1056 2516 1143 inveniendi
2572 1066 2650 1142 ὃ(
2700 1057 3089 1161 judicandi
3148 1059 3382 1145 vindi-

1086 1202 1268 1259 cent
1308 1200 1560 1284 partes
1610 1234 1634 1269 ‚
1699 1204 2030 1285 quarum
2071 1172 2394 1254 alteram
2430 1162 2758 1264 τοπικῆν,
2804 1171 3131 1252 alteram
3182 1202 3384 1275 κριτι-

1087 1281 1208 1382 κῆν
1246 1312 1556 1373 vocant.
1648 1290 1896 1369 Nobis
1948 1285 2047 1381 ad
2107 1286 2468 1391 aliorumv
2500 1283 2785 1387 judicia
2840 1283 3378 1392 componenda

1091 1402 1202 1482 est
1242 1400 1560 1491 oratio,
1625 1406 1703 1481 &
1755 1400 2018 1507 saepius
2052 1397 2258 1505 apud
2303 1398 2632 1478 omnino
2680 1402 3118 1504 imperito&
3160 1420 3376 1505 atque

1090 1515 1415 1595 aliarum
1458 1536 1670 1594 certe
1713 1518 2017 1618 ignaros
2058 1510 2461 1590 literarum
2500 1508 2986 1619 loquendum
3016 1508 3379 1618 estzquos

1087 1625 1229 1705 nisi
1276 1634 1357 1707 ὃς
1426 1626 1931 1704 ἀείεᾶαῑίοηε
1978 1622 2356 1702 allicimus
2403 1680 2421 1711 ‚
2509 1628 2587 1702 ὃ(
2644 1625 2927 1703 viribus
2989 1623 3380 1704 trahimus,

1097 1745 1177 1818 &
1211 1722 2219 1844 nonnunquam'turbamus
2267 1733 2661 1816 affectibus
2702 1768 2723 1827 3
2788 1735 2942 1842 ipsa
2985 1724 3162 1841 quae'
3206 1733 3383 1837 justa

1094 1876 1182 1944 ac
1222 1877 1407 1930 vera
1440 1848 1653 1940 sunt,
1697 1870 1961 1927 tenere
1995 1846 2163 1926 non
2213 1844 2632 1953 possumus,
2693 1847 3085 1953 Locuples
3126 1852 3208 1927 ὅ(
3239 1844 3379 1953 spe-

1093 1959 1298 2040 ciosa
1341 1960 1516 2041 vult
1573 1957 1716 2039 esse
1775 1958 2218 2067 eloquentia
2265 1991 2283 2037 :
2351 1986 2697 2066 quorum
2745 1954 2946 2039 nihii
2979 1957 3377 2066 conseque·

1094 2092 1260 2155 tur,
1311 2069 1370 2150 s1
1422 2070 2033 2152 conclusionibus
2084 2074 2311 2151 certis
2353 2078 2434 2151 ὃ(
2494 2073 2776 2151 crebris
2815 2126 2839 2161 ,
2890 2077 2969 2152 ὅ(
3013 2075 3101 2150 in
3158 2097 3375 2151 unam

1094 2211 1340 2290 prope
1389 2184 1729 2263 formam
1792 2180 2241 2264 cadentibus
2312 2183 2613 2263 concisa
2679 2239 2700 2273 ‚
2761 2190 2842 2263 &
2894 2206 3380 2291 contemtum

1091 2323 1197 2375 ex
1249 2296 1688 2375 humilitate
1721 2352 1743 2386 ‚
1806 2302 1887 2375 δε
1944 2294 2371 2375 odium.ex
2427 2293 2764 2402 quadam
2826 2294 3197 2377 servitute
3238 2352 3260 2388 ,
3308 2299 3379 2375 ὅ(

1097 2434 1196 2484 ex
1259 2412 1481 2513 copia
1534 2407 1955 2514 satietatem
2001 2462 2024 2497 ‚
2104 2413 2185 2487 ὅ(
2250 2436 2350 2486 ex
2409 2405 2917 2515 amplitudine
2995 2408 3380 2488 fastidium

1094 2516 1379 2599 tulerit.
1454 2524 1761 2599 Feratus
1810 2522 2045 2624 igitur
2086 2545 2252 2599 non
2299 2518 2619 2603 semitis,
2665 2517 2795 2599 sed
2835 2516 3176 2628 campis:
3207 2547 3382 2611 non,

1093 2633 1212 2710 uti
1268 2630 1516 2711 fontes
1569 2630 1898 2738 angustis
1945 2630 2212 2710 fistulis
2273 2632 2745 2738 colli-guntur
2784 2688 2809 2723 ,
2872 2631 3003 2712 sed
3061 2657 3160 2713 ut
3198 2629 3380 2714 latiss

1095 2740 1268 2821 fimi
1318 2771 1630 2834 amnes,
1679 2746 1862 2822 totis
1918 2743 2239 2823 vallibus
2323 2744 2509 2823 fluat
2553 2801 2573 2827 ,
2656 2755 2740 2822 ac
2793 2742 2927 2823 fibi
2998 2749 3218 2825 viam
3252 2802 3275 2836 ,
3331 2743 3383 2822 fi

1013 2935 1022 2944 ,
1097 2852 1411 2960 quando
1454 2883 1630 2943 non,
1660 2857 2097 2959 acceperit,
2157 2855 2404 2934 faciat.
2496 2844 2709 2966 Nam·
2774 2854 2965 2964 quid
3010 2855 3152 2938 illa
3186 2857 3383 2937 mise·

1095 2969 1250 3044 rius
1288 2966 1459 3071 lege
1501 2965 2299 3072 velutvpraeformatas
2371 2965 2785 3046 infantibus
2865 2969 3145 3059 literas
3220 2996 3378 3076 per-

1100 3074 1584 3184 sequentium
1610 3134 1632 3168 ‚
1686 3084 1767 3157 &
1806 3097 1891 3156 ut
1937 3075 2187 3164 Graeci
2233 3076 2488 3157 dicere
2546 3075 2793 3157 solent
2828 3136 2850 3170 ‚
2963 3111 3136 3162 uem
3173 3105 3376 3163 mater

1002 3245 1010 3251 -
1098 3198 1442 3286 amidam
1469 3191 1670 3270 dedit
1686 3246 1709 3282 ,
1730 3191 2015 3296 filicite
2045 3188 2566 3295 ctstodientium
2580 3199 2624 3269 f?
2649 3197 2901 3298 Propo
2933 3197 3076 3272 itio
3102 3222 3198 3275 ac
3219 3220 3388 3282 oon-

1098 3300 1336 3402 clufio
1372 3329 1469 3381 ex
1511 3302 2147 3410 consequentibus
2185 3306 2264 3381 δε
2306 3303 2941 3408 repugnantibu3‚
2978 3331 3153 3385 non
3175 3305 3392 3413 inspi-

1098 3431 1438 3501 ret‚non
1481 3437 1775 3519 augeat,
1811 3442 1973 3493 non
2008 3412 2223 3492 mille
2257 3412 2521 3522 figuris
2552 3422 2795 3495 variet
2830 3444 2917 3494 ac
2952 3418 3218 3498 verset
3256 3450 3275 3496 :
3321 3440 3390 3496 ut

1106 3549 1194 3600 ea
1215 3524 1553 3616 nasci,&
1590 3523 1741 3630 ipsa
1773 3529 2185 3631 provenire
2225 3549 2541 3616 natum,
2592 3555 2752 3605 non
2783 3555 3014 3606 manu
3052 3528 3303 3620 facia,
3326 3536 3395 3608 ὃ(

1102 3655 1265 3712 arte
1320 3634 1655 3744 suscepta
1694 3693 1717 3729 ‚
1772 3636 2229 3744 magistrum
2304 3638 2525 3717 fateri
2588 3639 2872 3748 ubique
2930 3638 3391 3722 videantur?

1103 3747 1296 3849 Qs
1346 3774 1690 3856 unquam
1733 3748 1834 3830 sic
1887 3748 2421 3829 dixitOrator
2471 3750 2494 3830 ἓ
2561 3758 2846 3831 Nonne
2898 3752 3106 3857 apud
3146 3754 3394 3861 ipsum

1100 3858 1714 3939 Demosthenem
1785 3859 2263 3968 paucissim'a'
2325 3862 2763 3964 hujusmodi
2851 3869 3392 3972 reperiuntur?

1094 3971 1288 4078 Quae
1344 3971 1813 4079 apprehensa
1860 3978 2109 4064 Graeci
2162 3977 2403 4081 magis
2467 3986 2700 4071 (nam
2748 3976 2902 4055 hoc
2958 3976 3220 4061 solum
3253 4006 3388 4168 ιέἒ-
