3557 5113
251 184 908 481 Delnstit.
973 193 1683 446 Oratoria,
1718 263 2017 431 Lib.
2067 269 2307 430 IX.
2526 282 2739 405 '525⁴

314 605 461 671 Non
479 593 711 670 'licuit
740 589 1052 671 thalami
1087 615 1438 701 expertem
1459 592 1619 698 stne
1651 601 1953 674 crimine
1987 604 2222 678 vitam
2449 599 2518 679 C
2545 620 2591 673 Α
2613 621 2675 675 1²..
2715 595 2819 673 11.-

321 720 572 811 Degqre
602 707 996 809 moreftrae.
1053 754 1181 768 ----

181 821 601 923 Quanquam
645 822 859 894 enim
906 815 1003 895 de
1063 818 1571 895 matrimonio
1628 819 1974 921 queritur
2011 818 2267 903 Dido,
2313 841 2428 900 ta·-

190 955 332 1006 mcn
375 929 518 1005 huc
554 932 806 1032 erupit
853 931 1012 1027 ejus
1055 927 1411 1033 affe&us3
1483 950 1562 1003 ut
1601 925 1754 1007 fine
1786 928 2135 1010 thalamis
2174 931 2420 1014 vitam

183 1067 309 1118 non
345 1041 752 1119 hominum
790 1062 1052 1144 putet,
1095 1039 1221 1117 sed
1270 1040 1623 1117 ferarum.
1714 1039 1953 1119 Aliud
1995 1043 2198 1148 apud
2230 1046 2421 1124 Ovi-

185 1150 354 1232 dium
380 1178 661 1258 genus,
731 1151 936 1255 apud
972 1177 1211 1262 quem
1240 1158 1320 1232 ὅ(
1361 1150 1681 1255 Myrrha
1719 1152 2000 1233 nutrici
2066 1166 2423 1236 amorem'

185 1270 375 1367 patris
407 1264 505 1343 fic
534 1263 953 1343 confitetur
975 1317 999 1354 ,

326 1464 393 1528 0,
427 1446 630 1537 dixit
653 1502 674 1528 ,
693 1444 994 1552 filicem
1032 1454 1312 1555 conjuge
1342 1468 1643 1524 matrem
1679 1452 1716 1522 Ι

177 1590 345 1670 Huic
377 1592 500 1674 vel
538 1589 890 1680 confinis,
913 1589 1038 1671 vel
1079 1589 1351 1670 eadem
1377 1589 1509 1679 est,
1533 1618 1681 1697 qua
1701 1616 1907 1670 nunc
1949 1590 2245 1673 utimur
2257 1590 2427 1700 plu-

176 1704 441 1783 timum.
494 1706 676 1812 Jam
714 1706 927 1782 enim
973 1701 1069 1782 ad
1111 1702 1193 1782 id
1224 1727 1463 1806 genus
1497 1758 1518 1786 ,
1578 1703 1788 1810 quod
1814 1707 1892 1783 ὅ(
1922 1704 2429 1812 frequentissi·

178 1840 363 1893 mum
400 1818 507 1895 est
552 1871 576 1907 ‚
645 1823 723 1898 ὅ(
760 1813 1177 1921 exspectari
1232 1817 1573 1893 maxime
1613 1815 1852 1895 credo
1888 1870 1909 1899 ‚
1959 1816 2435 1898 veniendum

176 1925 271 2003 est
307 1959 325 2006 .-
363 1931 442 2008 in
485 1956 648 2037 quo
691 1955 829 2036 per
865 1926 1256 2033 quandam
1291 1926 1842 2033 suspicionem,
1872 1929 2092 2036 quod
2114 1957 2288 2009 non
2323 1928 2438 2009 di-

171 2038 429 2124 cimus,
469 2045 720 2148 accipi
765 2041 1128 2122 volumus
1170 2070 1188 2116 :
1227 2064 1389 2117 non
1427 2043 1691 2148 utique
1729 2044 2442 2126 contrarium,utin

161 2150 443 2254 εἰρωνείᾳ,
500 2154 637 2234 sed
672 2152 876 2234 aliud
928 2153 1174 2232 latens
1219 2205 1243 2240 ,
1307 2156 1388 2231 ὃ(
1430 2151 1759 2231 auditori
1805 2152 2011 2258 quasi
2055 2157 2447 2235 invenien-

168 2260 336 2341 dum
376 2320 398 2356 ‚
440 2265 692 2374 quod,
733 2287 819 2347 ut
867 2264 1084 2371 supra
1124 2262 1424 2343 ostendi
1477 2320 1497 2346 ‚
1542 2268 1698 2360 jam
1736 2265 1899 2341 fere
1937 2264 2189 2343 solum
2246 2265 2449 2344 lehe-

166 2401 279 2453 ma
322 2404 363 2454 a
397 2379 684 2458 nostris
739 2399 1063 2460 vocatur
1113 2430 1137 2464 ,
1204 2380 1283 2454 ὅ(
1328 2373 1531 2454 unde
1572 2374 2112 2456 controverfiae
2168 2374 2455 2481 figura-

169 2508 252 2567 tae
290 2487 685 2572 dicuntur:
824 2492 1000 2590 Ejus
1050 2486 1329 2593 triplex
1374 2485 1542 2567 usus
1576 2486 1683 2567 est
1726 2518 1743 2565 ε
1785 2491 2047 2578 Unus,
2099 2485 2154 2567 fi
2196 2486 2456 2570 dicere

163 2600 397 2703 palam
435 2630 725 2710 parum
765 2623 1020 2682 tutum
1061 2599 1189 2680 est.
1282 2598 1508 2679 Alter
1542 2599 1584 2689 ,'
1611 2598 1665 2680 fi
1706 2627 1869 2678 non
1905 2599 2151 2680 decet.
2207 2604 2461 2680 Tetti-2.

163 2739 276 2801 us,
328 2720 459 2821 qui
506 2714 926 2798 venustatis
971 2710 1216 2819 modo
1254 2715 1499 2817 gratia
1541 2711 1949 2792 adhibetur
1981 2767 2004 2803 ,
2032 2716 2109 2792 &
2136 2712 2291 2816 ipsa
2309 2740 2446 2791 no-

167 2828 373 2905 vitate
417 2856 509 2909 ac
549 2831 932 2910 varietate
976 2827 1220 2929 magis
1240 2822 1571 2930 quamsi
1596 2823 1870 2904 relatio
1916 2822 2006 2903 fit
2056 2825 2286 2914 resta,
2325 2822 2462 2902 de-

149 2933 383 3017 ieaat.
413 2946 529 3021 Ex
559 2942 685 3020 his
728 2937 944 3045 quod
981 2936 1114 3015 est·
1125 2939 1469 3039 primum
1491 2989 1512 3025 ‚
1559 2935 1921 3042 frequens
1960 2938 2044 3014 in
2064 2936 2289 3015 scolis
2328 2934 2458 3014 est.

158 3053 350 3129 Nam
395 3057 477 3132 &
508 3053 914 3161 paCtiones
976 3047 1537 3154 deponentium
1618 3049 2045 3152 imperium
2098 3070 2468 3152 tyranno-

151 3188 319 3241 rum
343 3218 364 3253 ,
402 3171 482 3246 &
522 3163 711 3272 post
755 3161 1054 3242 bellum
1105 3159 1333 3240 civile
1373 3156 2016 3266 senatusconsulta
2040 3156 2460 3263 finguntur,

155 3276 228 3352 δι
256 3278 590 3382 capitale
637 3274 755 3355 est
797 3274 1135 3375 objicere
1178 3270 1671 3351 anteactum
1703 3266 1922 3376 quod
1959 3272 2042 3348 in
2079 3267 2258 3348 foro
2300 3295 2466 3348 non

151 3386 489 3490 expedit,
549 3388 732 3468 illic
805 3412 951 3465 nec
1008 3382 1255 3463 liceat.
1366 3379 1515 3460 Sed
1561 3381 2041 3461 schematum
2114 3379 2468 3460 conditio

156 3523 310 3576 non
344 3502 626 3582 eadem
676 3497 828 3577 est.·
898 3494 1348 3597 Quamlibet
1385 3498 2018 3598 enimapertum,
2057 3491 2268 3597 quod
2290 3520 2460 3571 mo-

151 3607 262 3689 do
298 3616 372 3691 &
402 3615 643 3695 aliter
695 3607 1025 3714 intelligi
1059 3605 1330 3714 point,
1375 3608 1455 3682 in
1494 3604 1663 3706 illos
1706 3627 2073 3710 tyrannos
2120 3602 2459 3683 benedi·
2531 3650 2537 3656 ·

143 3727 372 3815 xeris,
406 3731 596 3835 quia
642 3723 1083 3829 periculum
1131 3740 1433 3798 tantum
1460 3769 1482 3806 ,
1547 3744 1709 3797 non
1747 3721 1979 3796 etiam
2025 3714 2311 3795 offensa
2350 3718 2468 3796 vi-

142 3855 354 3918 tatur.
506 3834 774 3938 Qod
859 3830 914 3911 fi
961 3832 1452 3936 ambiguitate
1501 3828 1892 3910 sententiae
1930 3826 2160 3933 possit
2229 3826 2466 3918 eludi,

133 3976 374 4029 nemo
412 3979 590 4033 non
635 3946 755 4027 illi
794 3946 1006 4024 furto
1051 3944 1276 4024 favet.
1327 3947 1528 4020 Vera
1568 3943 1883 4046 negotia
1923 3968 2318 4047 nunquam
2337 3940 2469 4024 ad-

131 4060 419 4150 ducunt
452 4067 685 4151 hanc
714 4056 1000 4141 filentii
1039 4051 1588 4142 necessitatem,
1622 4052 1753 4136 sed
1773 4051 2005 4135 aliam
2037 4054 2218 4136 huic
2257 4048 2466 4128 simi-

1321 4171 1663 4279 Xsfflz
2287 4160 2484 4266 lems.
