3557 5113
305 195 987 435 Delnstit.
1032 224 1739 397 Oratoria,
1772 218 2069 380 Lib.
2106 216 2356 378 IX.
2576 237 2745 372 531

201 561 656 651 putaverunt,
696 538 880 621 ficut
925 538 1240 621 latentia
1277 541 1461 623 vitia
1494 537 2025 622 rescinduntur
2049 539 2335 651 :quue
2357 541 2466 625 fii-
2495 553 2685 632 cm».
2717 536 2829 649 ‘IL'

204 683 287 735 ne
324 651 925 762 frequentiffime
959 652 1403 735 faciendum
1430 655 1540 736 est
1554 690 1579 745 ,-
1625 655 1844 735 alite!-
1879 659 2091 743 enim
2113 655 2305 737 dilui
2328 658 2461 737 ob-

201 771 364 872 jesta
386 795 548 847 non
586 764 932 874 possunt,
973 769 1242 875 utique
1276 795 1459 848 cum
1478 768 1792 874 quaestio
1827 771 1910 848 in
1952 795 2053 848 eo
2098 767 2458 855 consistit,

202 880 383 990 quod
425 878 693 986 figurat
728 901 1028 985 petunt.
1122 885 1228 959 At
1263 908 1446 961 cum
1484 881 1894 961 maledicta
1923 879 2097 960 sunt
2135 904 2461 968 tantum,

200 1021 339 1075 non
372 992 807 1098 intelligere
856 994 1177 1072 interim
1236 992 1457 1076 bonae
1493 994 1971 1073 conscientiae
2019 992 2148 1074 est.
2203 1001 2465 1102 Atque

203 1109 404 1186 etiam
442 1133 629 1184 cum
667 1103 950 1184 fuerint
996 1104 1425 1188 crebriores
1488 1106 1753 1212 figurae
1788 1160 1812 1195 ,
1851 1133 2088 1215 quam
2129 1129 2215 1187 ut
2263 1103 2469 1188 diffi-

199 1218 443 1298 mulari
485 1213 766 1322 possint
790 1273 810 1299 ‚
850 1215 1391 1323 postulandum
1439 1218 1574 1307 est,
1618 1241 1704 1298 ut
1741 1217 1932 1296 illud
1983 1217 2239 1297 nescio
2336 1217 2472 1300 uid

200 1329 384 1439 quod
423 1327 829 1410 adversarii
893 1327 1222 1437 obliquis
1286 1329 1679 1411 sententiis
1729 1327 2154 1436 fignificare
2203 1359 2306 1413 vo
2339 1357 2472 1411 ue-

201 1446 373 1535 rint‚
416 1439 479 1520 fi
518 1440 799 1522 fiducia
833 1439 945 1532 fit,
989 1443 1351 1543 objiciant
1398 1444 1657 1551 palam
1682 1465 1858 1523 :aut
1890 1465 2097 1522 certe
2120 1470 2283 1522 non
2302 1444 2464 1523 exi-

198 1577 399 1663 gant,
432 1576 520 1634 ut
582 1550 797 1662 quod
852 1550 987 1660 ipsi
1037 1583 1202 1634 non
1226 1553 1511 1635 audent
1545 1552 1803 1634 dicere
1843 1611 1866 1644 ‚
1905 1554 1984 1633 id
2004 1553 2292 1655 judices
2311 1568 2474 1635 non

201 1667 412 1750 modo
471 1667 947 1772 intelligant,
992 1664 1120 1744 sed
1152 1669 1388 1747 etiam
1428 1666 1768 1748 credant.
1831 1668 2055 1749 Utilis
2090 1671 2325 1747 etiam
2345 1668 2476 1747 ali-

312 1879 315 1885 ,
373 1778 489 1887 ..do
524 1777 1023 1859 dissimulatio
1072 1777 1223 1870 est,
1266 1801 1350 1859 ut
1395 1782 1478 1859 in
1517 1791 1702 1874 eo,(
1748 1802 1935 1860 nota
1967 1781 2180 1857 enim
2222 1779 2475 1859 fabula

195 1804 504 2001 -ffiqui
544 1919 727 1973 cum
756 1890 935 1971 estet
974 1913 1246 1970 contra
1296 1920 1480 1972 eum
1523 1892 1866 1986 di&um;
1925 1884 2125 1994 Jura
2158 1918 2295 2002 per
2393 1920 2468 1971 a·

197 2009 323 2085 m's
367 2013 470 2085 tui
511 2011 784 2086 cineres
838 2036 855 2083 ε
900 2028 1249 2114 paratum
1332 2036 1368 2083 e
1415 2002 1534 2111 ‘ff'
1571 2003 1989 2111 respondit.
2094 2007 2175 2085 δε
2229 1920 2468 2106 judoex

194 2114 618 2197 conditione
645 2115 813 2197 usus
847 2116 982 2206 est,
1017 2115 1397 2196 clamante
1431 2115 1775 2197 multum
1816 2114 2224 2207 advocat05
2259 2115 2470 2195 sche-

180 2230 196 2256 ²
269 2311 275 2317 ,
435 2227 532 2310 de
579 2257 841 2311 rerum
888 2251 1155 2308 natura
1214 2227 1386 2306 tolli
1422 2263 1445 2306 .·
1506 2250 1590 2308 ut
1630 2233 1983 2334 protinus
2024 2229 2259 2307 etiam
2292 2255 2476 2333 prae-

175 2345 480 2447 *ceptum
506 2341 629 2431 fit,
669 2339 1043 2442 ejusmodi
1073 2339 1340 2446 figuris
1374 2338 1757 2420 utendum
1795 2361 2086 2418 temere
2124 2367 2286 2417 non
2303 2338 2467 2419 ess'e.

186 2440 527 2534 Tertium
573 2453 682 2533 est
718 2479 984 2559 genus,
1027 2456 1110 2531 in
1149 2479 1309 2561 quo
1342 2450 1497 2537 sola
1536 2451 1814 2532 melius
1849 2448 2156 2530 dicendi
2173 2455 2473 2558 'petitur

191 2564 480 2647 oecafio.
518 2564 855 2673 ideoque
904 2565 983 2645 id
1040 2568 1319 2646 Cicero
1359 2592 1524 2646 non
1560 2588 1782 2672 putat
1823 2562 1968 2644 ess'e
2001 2561 2337 2671 politum
2385 2568 2467 2644 in

192 2684 687 2761 contentione.
797 2676 990 2757 Tale
1027 2677 1135 2759 est
1184 2676 1404 2769 illud,
1446 2705 1608 2785 quo
1642 2677 1853 2759 idem
1881 2678 2126 2757 utitur
2164 2683 2244 2756 in
2287 2678 2469 2756 Clo-

197 2787 384 2869 dium
416 2826 440 2881 ,-
503 2792 798 2897 Qibus
834 2791 952 2894 {lle
972 2848 992 2875 ,
1028 2799 1159 2901 qui
1188 2791 1801 2897 omniaficrtficia
1830 2788 2034 2896 nfft
2055 2845 2078 2878 ,
2103 2786 2339 2897 fhcile
2375 2788 2468 2869 ab

173 2902 249 3000 se?
283 2918 456 2982 Deos
477 2908 766 3014 placari
792 2899 965 3010 poff}
996 2900 1507 2984 arbitrabatur.
1576 2906 1831 2982 lronia
1865 2928 2177 3009 quoque
2206 2905 2284 2980 in
2305 2902 2458 2981 hoc

185 3040 445 3116 genere
519 3020 856 3094 materia*
926 3012 1523 3118 frequentilsnna
1578 3016 1704 3093 est.
1858 3010 2004 3092 Sed
2045 3011 2451 3092 eruditissi-

191 3154 393 3204 mum
435 3130 690 3234 longe,
742 3126 791 3204 fi
842 3156 978 3230 per
1020 3130 1248 3205 aliam
1296 3154 1467 3205 rem
1501 3123 1641 3205 alia
1680 3121 2120 3205 inducatur:
2152 3146 2236 3204 ut
2271 3151 2455 3203 cum

193 3236 511 3320 adversus
567 3268 978 3344 tyrannum
1022 3246 1150 3344 qui
1212 3237 1339 3317 sub
1368 3237 1595 3344 pasto
1631 3234 2072 3344 abolitionis
2109 3234 2457 3317 domina·

193 3352 461 3430 tionem
497 3354 954 3458 depolhcrat
982 3410 1000 3438 ,
1050 3356 1201 3456 agit
1242 3344 1739 3454 competiton
1785 3345 1977 3448 Mibts
2010 3354 2093 3427 in
2125 3372 2197 3429 te
2230 3348 2462 3428 dicere

197 3490 317 3536 non
349 3470 495 3544 licet
517 3524 535 3554 ,
573 3494 654 3544 m
704 3476 778 3542 m
818 3496 924 3540 mr
968 3466 1084 3540 dds:
1116 3522 1135 3550 ,
1194 3458 1284 3554 ά
1308 3477 1512 3573 potes
1542 3495 1558 3540 :
1594 3476 1834 3572 Nuper
1867 3485 1936 3542 te
1967 3463 2168 3541 volui
2202 3460 2462 3543 occide-

197 3603 279 3649 re.
343 3581 710 3685 Frequens
766 3575 956 3653 illud
1014 3577 1120 3653 est
1194 3630 1217 3663 ‚
1271 3602 1415 3654 nec
1450 3601 1932 3681 magnopere
1969 3571 2462 3679 captandum,

187 3687 383 3791 quod
417 3697 704 3795 petitur
750 3721 790 3767 a
828 3684 1311 3781 jurejurando
1349 3720 1372 3763 .·
1428 3706 1512 3766 ut
1558 3714 1705 3793 pro
1749 3682 2306 3776 exhaered2t05
2352 3698 2467 3764 Ita

183 3797 359 3877 maht·
388 3813 748 3912 contingat
792 3801 1050 3877 herede
1096 3802 1247 3905 filio
1282 3805 1485 3879 mori.
1564 3804 1774 3879 Nam
1817 3803 1896 3881 &
1928 3799 2022 3879 -in
2063 3800 2468 3900 -totumju-

177 3939 371 3995 rare,
415 3915 559 3993 nisi
609 3917 734 3993 ubi
776 3915 1062 3991 neeessi‘:
1104 3911 1242 3996 est,
1287 3912 1506 4017 gravi
1551 3916 1725 3995 viro
1761 3938 2041 4018 parum
2076 3913 2468 4018 convenit.-

175 4029 249 4109 ὃ(
291 4025 397 4111 est
423 4057 465 4107 a
501 4037 788 4109 Seneca
830 4027 1118 4107 ditium
1160 4023 1552 4127 eleganter
1615 4059 1638 4114 ς
1682 4052 1822 4104 non
1846 4028 2311 4133 patronorum
2353 4020 2482 4239 bff

1138 4148 1206 4215 X
1225 4162 1280 4217 x
1314 4164 1370 4218 x
1436 4160 1477 4213 2
2365 4160 2403 4210 e
2449 4159 2485 4209 e

1156 4395 1208 4432 ,Φ
