3557 5113
747 179 1003 367 '394

748 555 936 656 CM·-
951 548 1014 623 1.

1247 255 1268 266 2*
1366 211 1513 323 M.
1621 215 1992 316 FAssu
2126 202 3139 352 ‘Qimcriztmm

1106 525 1290 610 esset
1347 522 1789 607 utilissimus
1828 524 2136 604 civitati.
2234 518 2750 632 contendunt
2796 553 2817 602 :
2882 527 3061 633 quis
3107 527 3361 634 primus

1108 639 1314 720 dicat
1350 696 1373 724 ‚
1438 641 1821 716 incertum
1872 634 1981 712 est
1999 667 2022 730 3
2080 634 2524 744 propositio·
2558 657 2821 740 tamen
2854 660 3084 717 certa.
3142 640 3254 720 Ab
3283 667 3361 720 eo

1118 755 1337 833 enim
1390 749 1601 850 cujus
1654 747 2063 855 personam
2110 747 2504 827 tuebimur
2540 803 2564 838 ‚
2643 746 3178 853 incipiendum
3229 753 3367 831 erit.

1113 870 1205 945 Et
1258 863 1419 943 haec
1474 861 1793 972 quidem
1857 857 1954 938 de
2013 857 2436 939 dividendo
2498 862 2580 938 in
2646 863 3093 942 universum
3146 867 3370 970 praeci-

1113 980 1195 1098 pi
1242 973 1563 1081 possunt.
1661 977 1769 1051 At
1813 969 2224 1078 quomodo
2278 974 2759 1053 inveniemus
2799 979 3041 1053 etiam
3084 975 3242 1054 illas
3272 1002 3368 1055 oc·

1115 1087 1478 1168 cultiores
1519 1084 1974 1192 quaestiones
2032 1083 2055 1162 ἓ
2139 1081 2426 1162 scilicet
2483 1084 2895 1192 quomodo
2932 1085 3370 1197 sententiar„

1116 1198 1350 1283 verba
1382 1253 1406 1281 ,
1469 1195 1753 1301 figuras
1792 1252 1816 1279 ,
1882 1193 2227 1284 colores,
2287 1197 2668 1301 ingenio,
2733 1225 2914 1278 cura
2956 1253 2979 1289 ,
3045 1203 3370 1279 exercita-

1037 1411 1040 1414 ,
1116 1314 1347 1391 tione.
1447 1335 1608 1387 non
1671 1315 1942 1386 'tamen
2012 1305 2172 1392 fere
2216 1333 2559 1414 unquam
2616 1305 2758 1387 nisi
2832 1311 3368 1418 imprudentem

1116 1423 1456 1528 fugerint
1493 1475 1520 1511 ,
1579 1417 1634 1505 fi
1701 1428 1837 1512 (ut
1894 1416 2103 1516 dixi)
2174 1440 2527 1498 naturam
2592 1415 2804 1526 sequi
2862 1421 3147 1503 ducem
3201 1404 3369 1509 velst-
3474 1491 3475 1530 ³

1119 1532 1268 1614 Sed
1304 1532 1676 1639 'plerique
1715 1525 2193 1636 ⁷eloquentiae⁴
2252 1530 2540 1610 famam
2614 1528 3054 1614 affestantes
3126 1591 3153 1626 ‚
3224 1561 3371 1614 con·

1120 1646 1319 1727 tenti
1374 1643 1542 1722 sunt
1598 1641 1790 1719 locis
1818 1694 1854 1750 ἡ,
1920 1638 2270 1745 speciosis
2336 1639 2580 1721 modo
2612 1698 2636 1732 ‚
2692 1644 2821 1725 vel
2873 1645 3077 1726 nihil
3111 1645 3202 1726 ad
3231 1674 3371 1754 pro-

1122 1758 1522 1836 bationem
1571 1751 2165 1864 conferentibus.
2265 1751 2425 1832 Alii
2482 1752 2679 1833 nihil
2718 1760 2959 1837 invita
2981 1786 3206 1849 re‚ea
3236 1785 3373 1866 quae

1125 1872 1206 1946 in
1249 1865 1516 1946 oculos
1575 1867 1981 1942 incurrunt
2018 1918 2041 1952 ,
2094 1863 2572 1973 exquirenda
2627 1890 2917 1970 putant.
2992 1867 3215 1976 Qiod
3234 1895 3375 1976 quo

1131 1977 1421 2056 facilius
1460 1996 1822 2081 appareat
1847 2029 1871 2060 ‚
1909 2002 2147 2055 unam
2179 1975 2277 2056 de
2313 1974 2517 2064 scola
2558 1976 3188 2072 controversiam,
3232 2007 3369 2060 non

1131 2095 1239 2168 ita
1273 2086 1444 2166 sane
1468 2085 1875 2170 difficilem
1905 2110 2033 2168 aut
2062 2116 2346 2171 novam
2369 2115 2807 2197 proponam
2830 2096 2913 2172 in
2945 2090 3370 2199 exemplum:

1133 2211 1298 2308 Qi
1343 2231 1455 2280 reo
1490 2200 1926 2310 proditionis
1977 2214 2188 2311 patri
2237 2231 2380 2281 non
2452 2201 2741 2309 estiterit
2809 2262 2835 2288 ,
2958 2206 3246 2286 turberes
3281 2204 3381 2314 fit.

1137 2313 1579 2405 Proditionis
1632 2313 2012 2391 damnatus
2036 2367 2057 2402 ‚
2114 2343 2272 2394 cum
2311 2313 2652 2393 advocato
2699 2320 2951 2422 exalet.
3048 2323 3216 2397 Reo
3234 2315 3383 2423 pro-

1140 2423 1455 2506 ditionis
1501 2433 1502 2436 ’
1519 2425 1716 2529 patri
1798 2421 2114 2533 disertus
2178 2423 2381 2504 filius
2436 2422 2699 2517 affuit,
2741 2423 3058 2535 rusticus
3108 2458 3259 2509 non
3306 2425 3384 2506 af·

1141 2535 1286 2615 fuit
1345 2569 1362 2615 ε
1421 2534 1826 2633 damnatus
1867 2537 2053 2615 abiit
2090 2564 2273 2628 cum
2312 2531 2689 2617 advocato
2730 2540 2813 2620 in
2851 2541 3196 2623 exilium.
3253 2545 3386 2622 Ru-

1127 2639 1367 2727 ‘sticus
1410 2676 1590 2728 cum
1634 2645 1941 2727 fortiter
1980 2645 2335 2736 fecisstt,'
2370 2652 2668 2757 praemii
2704 2656 3028 2734 nomine
3066 2660 3389 2762 impetra·

1147 2764 1259 2847 vit
1306 2759 1867 2839 restitutionem
1922 2762 2160 2864 patris
2201 2815 2223 2849 ,
2284 2764 2362 2839 ὃ(
2424 2760 2694 2841 fratris.
2828 2768 3052 2845 Pater
3094 2763 3392 2871 reversus

1152 2868 1544 2952 intestatus
1586 2868 1899 2978 decessit
1941 2901 1959 2947 :
2026 2874 2223 2974 petit
2283 2870 2600 2954 rusticus
2661 2898 2963 2980 partem
3013 2877 3390 2971 bononia),

1136 2976 1417 3063 ‘orator
1454 3005 1708 3064 totum
1748 2980 1885 3063 fibi
1928 2979 2307 3063 vendicat.
2405 2986 2556 3063 Hic
2603 2983 2715 3067 illi
2752 2984 3233 3097 eloquentes,
3259 2992 3393 3097 qui-

1145 3095 1433 3206 busque
1486 3123 1628 3176 nos
1657 3149 1681 3186 ,
1735 3093 2145 3207 circa-lites
2189 3117 2485 3204 paratas
2537 3095 2987 3208 solicitiores
3020 3157 3048 3193 ,
3135 3098 3396 3184 ridiculi

1153 3208 1558 3298 videmur,
1627 3206 1993 3289 invadent
2046 3208 2402 3319 personas
2446 3208 2917 3293 favorabiles.
3009 3217 3244 3296 Actio
3284 3238 3398 3321 pro

1159 3319 1446 3402 rustico.
1480 3342 1750 3400 contra
1804 3318 2174 3401 disertum
2215 3378 2240 3417 ‚
2299 3347 2446 3426 pro
2502 3324 2675 3403 viro
2734 3323 2920 3404 forti
2965 3352 3246 3409 contra
3290 3331 3400 3405 im-

1153 3430 1502 3522 bellem3
1555 3457 1702 3538 pro
1748 3432 2186 3512 restitutore
2260 3456 2527 3513 contra
2595 3438 2981 3542 ingratum
3039 3494 3062 3527 ‚
3142 3467 3289 3547 pro
3334 3463 3404 3515 eo

1119 3546 1293 3649 ,qui
1344 3566 1561 3650 parte
1607 3564 2015 3629 contentus
2073 3536 2202 3631 fit‘,
2260 3570 2531 3627 contra
2584 3554 2943 3658 eum³qui
2975 3549 3202 3633 fratri
3253 3549 3406 3632 nihss

1157 3654 1338 3734 dare
1397 3685 1498 3736 ex
1550 3657 1886 3761 paternis
1945 3650 2153 3737 velit.
2269 3662 2461 3761 Qae
2510 3663 2776 3742 omnia
2829 3661 2996 3743 sunt
3037 3668 3131 3744 in
3206 3687 3407 3745 mate-

1121 3768 1340 3881 ‚rial
1378 3767 1844 3850 &multum
1902 3771 2166 3867 juvant
2222 3826 2245 3860 ,
2301 3770 2704 3852 victoriam
2768 3795 3029 3856 tamen
3085 3805 3258 3858 non
3303 3800 3413 3855 tra-

1161 3878 1375 3959 dunt.
1490 3886 1576 3960 ln
1607 3880 1767 3960 ‘hac
1818 3870 2283 3988 quaerentur'
2314 3882 2700 3966 sententiat
2730 3942 2753 3977 ‚
2812 3886 2868 3966 fi
2906 3890 3078 3971 fieri
3130 3890 3413 3998 poterit,

1158 3981 1578 4100 praecipites
1600 4047 1627 4084 ,
1681 3991 1810 4076 vel
1853 3993 2206 4077 obscurae.
2320 4001 2524 4077 Nam
2566 4026 2655 4087 ea
2718 4026 2927 4083 nunc
2970 3992 3231 4089 'virtus
3288 4000 3421 4089 est3

3160 4124 3234 4199 δι
3269 4112 3425 4221 pul·
