3557 5113
1049 251 1192 317 tion?
1240 239 1450 312 mutui
1477 244 1808 311 nmimmam
1839 288 1858 313 ‚
1893 254 1954 306 ut
1990 244 2046 306 in
2074 258 2178 325 qua
2202 239 2546 325 tyrannicidii
2570 239 2686 300 duo
2716 236 2914 300 medici
2934 236 3223 319 premium
3244 234 3356 317 pe}

1028 348 1149 394 tant
1197 355 1209 385 :
1251 352 1484 410 quorum
1529 332 1732 403 primus
1756 347 2032 386 venenum
2061 325 2237 384 dedit.
2279 344 2395 399 quo
2426 343 2537 379 non
2570 320 2642 378 est
2682 320 2768 376 ille
2796 338 3063 387 mortuae,
3097 319 3226 376 alter
3250 339 3355 377 an.

1035 412 1445 486 tidotuquuo
1480 408 1655 465 statim
1684 402 1895 462 deceffit
1995 403 2102 461 Ubi
2130 402 2360 478 personae
2390 441 2406 464 ,
2450 400 2617 456 causa:
2650 438 2665 460 .
2702 396 2978 456 facultates
3010 440 3025 461 ,
3070 413 3340 472 tempora,

1036 487 1393 546 instrumenta
1416 528 1432 551 ,
1473 484 1781 542 testimonia
1802 521 1818 547 ,
1843 501 1956 538 non
1991 480 2139 536 aliter
2160 499 2327 555 quam
2358 496 2544 536 mutua
2573 475 2907 533 accusatione
2942 492 3350 549 comparentur.

1042 569 1168 647 Qa
1198 569 1362 624 etiam
1398 568 1601 621 ratione
1639 563 1848 618 trastari
1897 556 2026 615 illud
2066 573 2312 634 oporteat
2347 597 2362 619 ,
2410 560 2463 610 in
2505 574 2618 630 quo
2656 554 2721 615 de
2762 553 2979 611 duobus
3020 559 3154 609 circa
3193 550 3355 609 accii.

1036 642 1304 700 sationem
1350 644 1600 717 quaeritur
1645 655 1826 695 utrum
1886 635 2093 695 facium
2158 632 2237 691 fit.
2315 638 2352 709 q
2395 635 2730 702 Conjefturae
2771 631 2923 689 locos
2977 637 3036 688 ὅ(
3077 628 3357 688 uastatio-

1034 740 1165 777 nem
1196 719 1441 795 adjungit
1488 736 1506 769 :
1548 736 1667 774 eam
1711 717 1793 772 his
1819 714 1983 771 tribus
2027 713 2286 788 capitibus
2321 714 2581 768 contineri
2623 709 2861 768 ostendit
2895 729 2909 757 τ
2955 717 3039 764 An
3077 708 3311 766 voluerit
3335 744 3360 771 0

1032 817 1102 855 an
1131 802 1358 867 potuerit
1386 832 1403 857 ,
1453 815 1521 852 an
1552 794 1746 851 fecerit.
1834 797 1892 848 In
1924 794 2105 868 primo
2132 792 2226 846 tria
2252 788 2500 864 spestari:
2539 789 2782 864 personas
2814 819 2832 848 ‚
2867 787 3073 849 causas,
3127 791 3181 843 ὅ(
3217 806 3357 857 con·

1038 873 1187 931 iiiia:
1235 880 1291 931 ὃ(
1334 873 1464 950 quid
1504 873 1570 928 de
1613 889 1952 947 unoquoque
1989 871 2042 926 in
2081 884 2368 939 utramque
2405 886 2609 942 partein
2632 863 2922 923 dicendum
2961 862 3022 920 lit
3047 905 3062 927 ,
3098 860 3359 939 copiosis·

1041 949 1174 1009 fime
1202 950 1379 1011 tradit.
1458 954 1518 1007 In
1547 948 1782 1006 secundo
1807 986 1824 1015 ‚
1871 952 1952 1005 An
1988 946 2217 1019 potuerit
2249 966 2266 1010 3
2314 943 2495 1008 lotum
2524 986 2539 1009 ,
2570 960 2816 1017 tempus,
2847 938 3215 1004 difficultates,
3257 959 3358 1001 oe..

1036 1025 1279 1088 castoncs
1308 1069 1323 1091 ,
1366 1049 1485 1102 quae
1512 1034 1673 1085 etiarn
1700 1027 1765 1083 ad
1793 1028 1964 1084 animi
1983 1025 2342 1092 coniecturam
2379 1023 2589 1081 valeant
2614 1017 2983 1088 ‚confiderariz
3068 1023 3132 1074 In
3167 1020 3360 1086 tertio,

942 1136 949 1142 ·
1040 1108 1098 1164 in
1136 1126 1282 1184 quo,
1308 1118 1388 1161 An
1420 1104 1599 1162 feccrit
1644 1105 1897 1180 quaeritur
1934 1143 1951 1168 .
1988 1101 2292 1170 conjunfta,
2315 1100 2696 1176 =consequentia
2725 1137 2746 1165 ,
2796 1096 2940 1175 signa
2965 1138 2980 1161 ‚
3023 1095 3359 1155 anteceden-

1036 1187 1112 1242 tia
1143 1225 1160 1249 ‚
1198 1182 1469 1243 antedista
1509 1179 1744 1240 &sacta
1787 1180 1962 1239 nostra
2011 1184 2066 1236 δι
2113 1176 2523 1240 εΙιεηαῃιὶὲΓζιιιί.
2610 1175 2694 1234 Ad
2725 1196 2893 1253 quam
2924 1177 3189 1234 rationem
3226 1171 3358 1230 reli·

1038 1262 1147 1338 'qua
1183 1262 1372 1319 omnia
1407 1261 1722 1324 coniesturae
1745 1277 1941 1336 genera
1975 1257 2150 1314 reduci
2187 1252 2386 1331 possint
2419 1280 2431 1312 ε
2477 1275 2532 1311 ut
2561 1256 2686 1312 furti
2735 1292 2754 1321 ,
2797 1251 2981 1309 crediti
3026 1290 3043 1315 .
3089 1249 3355 1326 depositi,

1037 1338 1390 1418 proditionis,
1432 1336 1695 1395 affcstatae
1733 1334 2032 1413 tyrannidis
2068 1374 2083 1397 ,
2117 1333 2396 1395 adulterii,
2438 1331 2588 1390 falsi:
2632 1329 2726 1391 nili
2756 1329 2905 1406 quod
2939 1330 3182 1389 adulterii
3217 1347 3358 1387 cau-

1040 1421 1106 1474 1ae
1151 1416 1354 1492 aliquid
1382 1414 1613 1474 babeant
1640 1415 1844 1491 proprii
1877 1437 1893 1477 3
1934 1414 2059 1489 quia
2097 1411 2332 1467 duorum
2367 1409 2676 1488 plerumque
2705 1411 2984 1465 discrimen
3021 1407 3084 1465 {it
3113 1439 3131 1467 2
3180 1412 3239 1465 δι
3280 1404 3357 1467 de

1042 1498 1321 1577 utriusque
1349 1494 1457 1555 vita
1480 1493 1651 1554 dicere
1683 1509 1929 1569 oporteat
1962 1514 1978 1548 ε
2025 1508 2150 1568 qua:
2179 1491 2318 1548 ratio
2347 1488 2401 1545 in
2444 1491 2671 1548 crimine
2703 1484 2816 1548 lalsi
2842 1485 2950 1546 fere
2970 1483 3034 1546 (it
3059 1483 3271 1549 eadem.
3323 1522 3334 1533 .

1918 1697 2026 1761 De
2090 1686 2463 1762 finitione.

1973 1870 2174 1941 CAi».
2287 1875 2428 1946 111.

1202 2037 1281 2095 Ul
1324 2032 1527 2093 fastum
1557 2048 1751 2110 negare
1783 2049 1894 2088 non
1934 2031 2105 2107 potest
2134 2071 2150 2095 2
2188 2034 2237 2091 ei
2262 2055 2466 2093 nomen
2495 2030 2622 2092 faffi
2656 2032 2965 2113 negandum
2998 2032 3152 2093 docet
3212 2054 3224 2089 :
3270 2054 3360 2092 er·

1214 2135 1289 2194 go
1320 2113 1653 2182 Conjesttirae
1681 2114 2007 2169 finitionem
2037 2114 2340 2187 proximam
2369 2111 2467 2171 effe
2496 2136 2513 2177 ς
2555 2118 2609 2170 in
2641 2133 2745 2189 qua
2784 2114 2914 2190 quid
2947 2111 3007 2170 sit
3041 2134 3117 2171 res
3148 2115 3357 2193 quaeri-

1052 2210 1156 2253 tur.
1245 2197 1305 2248 In
1353 2190 1488 2246 lianc
1520 2209 1622 2246 nos
1663 2190 1959 2263 aliquando
1983 2210 2012 2247 a
2058 2192 2310 2268 qualitate
2352 2190 2525 2250 delabi
2557 2190 2824 2249 ostendit:
2869 2208 3007 2247 utin
3040 2191 3358 2249 afflonibus

1064 2269 1314 2345 Reipubl.
1361 2267 1493 2324 laesae
1521 2289 1534 2323 ε
1580 2270 1633 2337 in
1656 2267 1852 2342 quibus
1878 2267 1943 2321 ad
1976 2270 2176 2323 nome'n
2214 2269 2597 2345 confugimus:
2646 2266 2684 2323 ss
2713 2268 2862 2344 quod
2891 2268 3166 2338 objicitur,
3206 2269 3357 2326 reste

1054 2348 1263 2406 factum
1292 2341 1391 2403 esse
1425 2342 1642 2402 defendi·
1680 2363 1792 2399 non
1833 2344 2018 2416 potest.
2105 2346 2143 2423 ff
2193 2345 2341 2425 Qid
2389 2348 2582 2402 Finitio
2619 2343 2678 2401 sit
2705 2345 2946 2421 explicat,
2984 2348 3195 2421 propria
3219 2382 3235 2407 ‚
3265 2346 3357 2401 di-

1046 2424 1220 2483 lucida
1248 2463 1263 2488 ,
1307 2430 1360 2479 δε
1404 2415 1640 2478 breviter
1694 2420 2079 2495 comprehensa
2115 2432 2186 2477 rei
2221 2423 2506 2499 propolitae
2551 2420 2832 2498 expolitio.
2911 2425 3010 2480 His
3037 2424 3170 2480 locis
3200 2414 3357 2481 con·-

1049 2502 1183 2562 stare
1205 2500 1517 2565 contendit,
1558 2518 1783 2576 genere,
1827 2499 2031 2573 specie,
2078 2498 2379 2559 differentia
2405 2543 2422 2566 ,
2469 2507 2523 2559 δε
2561 2502 2797 2579 proprio.
2877 2500 3130 2560 Adhiberi
3152 2516 3351 2560 autem

1047 2582 1199 2638 illam
1270 2578 1504 2653 pluribus
1545 2574 1708 2632 cautis
1741 2617 1757 2640 ,
1830 2592 1922 2633 aut
1963 2595 2087 2634 cum
2138 2597 2339 2634 certum
2412 2578 2476 2635 de
2512 2583 2738 2637 nomine
2764 2577 2825 2635 sit
2858 2619 2874 2644 ‚
2909 2579 3117 2638 seddi:
3152 2601 3206 2637 re
3252 2599 3354 2655 per

1052 2656 1183 2715 iliud
1241 2653 1580 2732 intelligenda
1670 2658 1930 2711 incertum
2013 2677 2028 2711 τ
2110 2658 2277 2735 Qod
2324 2660 2532 2717 interim
2575 2677 2637 2715 ex
2695 2657 2996 2724 conicCttira
3051 2657 3286 2734 pendeat
3329 2698 3348 2722 .

1048 2752 1108 2794 ut
1154 2733 1286 2811 quid
1328 2729 1388 2787 sit
1455 2737 1641 2788 DEuS
1681 2754 1693 2793 :
1728 2739 1739 2751 ’
1778 2733 2004 2790 interim
2047 2751 2109 2789 ex
2153 2734 2409 2811 qualitate
2458 2777 2472 2799 .
2520 2753 2578 2792 ut
2615 2735 2745 2811 quid
2806 2736 3089 2794 Rhetorice
3132 2758 3146 2791 z
3232 2739 3354 2794 Aut

1049 2829 1177 2871 cum
1246 2827 1300 2866 re
1368 2807 1649 2867 manifesta
1706 2848 1723 2870 ,
1770 2810 1836 2865 de
1885 2817 2111 2867 nomine
2154 2831 2266 2867 non
2324 2812 2530 2869 constat
2575 2854 2589 2878 ‚
2635 2832 2694 2870 ut
2760 2835 2845 2872 an·
2880 2810 2940 2869 lit
2972 2811 3349 2891 tyrannicida,

1051 2892 1146 2970 qui
1173 2905 1462 3024 t‘yrannum
1495 2886 1560 2943 ad
1587 2901 1820 2943 mortem
1863 2891 2149 2961 compulit.
2232 2889 2270 2967 J
2316 2894 2483 2947 Porro
2521 2891 2656 2948 hane
2700 2911 2927 2949 omnem
2966 2892 3247 2950 materiam
3286 2894 3349 2950 in

1048 2986 1155 3027 tres
1210 2963 1376 3043 pecies
1408 2964 1625 3024 dividit.
1710 2960 1890 3021 Prima
1951 2980 2137 3022 totum
2167 2970 2369 3026 crimen
2403 2970 2583 3047 negari
2619 3010 2635 3034 ,
2677 2989 2770 3026 nec
2804 2968 2950 3027 aliud
2977 2989 3179 3026 nomen
3223 2969 3354 3026 sub·

1051 3045 1172 3116 jici,
1197 3041 1404 3101 etiamsi
1456 3062 1567 3098 rem
1608 3040 1841 3099 satemur
1888 3059 1901 3094 τ
1940 3060 2002 3099 ut
2027 3062 2150 3101 cum
2185 3041 2426 3116 obiicitur
2461 3045 2781 3103 adulterium
2809 3047 2863 3103 in
2894 3046 3156 3124 lupanari.
3243 3052 3359 3107 Se·

1048 3121 1223 3180 cunda
1259 3118 1327 3175 fic
1362 3122 1545 3196 negari
1573 3121 1772 3176 crimen
1798 3160 1814 3183 ‚
1856 3137 1912 3176 ut
1937 3121 2080 3177 aliud
2115 3142 2317 3182 nomen
2369 3124 2553 3181 edatur
2595 3143 2609 3177 :
2650 3144 2710 3182 ut
2742 3122 2778 3181 fi
2823 3115 3096 3193 objicienti
3133 3125 3363 3195 sacrile-

1048 3210 1203 3337 gium
1229 3237 1248 3266 ‚
1281 3197 1486 3254 dicatur
1510 3191 1611 3253 esse
1638 3196 1873 3254 furtum:
1919 3199 2009 3257 ubi
2032 3220 2324 3275 utrumque
2347 3201 2664 3260 finiendum.
2740 3203 2923 3262 Tertia
2959 3204 3123 3281 quaeri
3169 3202 3227 3260 in
3258 3224 3363 3262 re.

1105 3298 1147 3335 is
1176 3280 1342 3352 specie
1361 3271 1604 3339 diversis,
1640 3289 1709 3332 an
1748 3275 1852 3333 hoc
1869 3277 2063 3335 eodem
2099 3282 2322 3338 nornine
2356 3277 2416 3335 sit
2446 3278 2827 3356 appellandum
2863 3321 2878 3344 ‚
2920 3300 2982 3339 ut
3010 3283 3361 3343 amatorium

1049 3374 1339 3439 venenum.
1426 3353 1464 3430 ff
1502 3358 1754 3409 Formam
1778 3357 2042 3412 Oratoriae
2063 3353 2327 3416 finitionis
2350 3357 2587 3415 describit
2605 3397 2618 3418 ‚
2647 3378 2811 3434 quam
2845 3358 3086 3416 servitute
3112 3379 3175 3416 ex
3204 3379 3363 3418 con-

1048 3430 1324 3490 suetudine
1347 3427 1799 3502 Philosophorum
1824 3430 1981 3486 ducta
2006 3468 2021 3490 .
2062 3433 2388 3492 immutabili
2415 3433 2713 3493 necestitate
2759 3455 2871 3492 non
2922 3439 3035 3494 vult
3063 3431 3160 3494 esse
3189 3435 3329 3494 astri
3342 3435 3380 3489 -“

1049 3511 1195 3586 stain
1223 3548 1237 3569 .
1276 3521 1367 3563 aut
1404 3523 1491 3580 per
1537 3523 1595 3560 ar
1676 3521 1856 3564 menta
1905 3507 2193 3567 verborum
2230 3512 2606 3570 cavillatricem
2634 3551 2650 3575 ‚
2691 3512 2775 3570 sed
2805 3512 3052 3589 expositis
3079 3517 3152 3572 rei
3177 3518 3366 3590 parti-

1050 3586 1153 3644 bus
1180 3590 1236 3643 δι
1279 3584 1587 3670 proprietati
1629 3600 1689 3637 us
1711 3582 1869 3642 latius·
1894 3586 2143 3645 oratione
2172 3587 2407 3648 dustam.
2489 3594 2656 3659 Cuius
2697 3591 2938 3668 exemp¹a
2968 3592 3234 3650 luculenta
3281 3605 3374 3653 ἐκ

1051 3662 1333 3732 Ciceronis
1373 3659 1708 3717 orationibus
1757 3661 1975 3739 profssrt.
2053 3664 2091 3742 J
2147 3669 2430 3725 Finitionis
2483 3667 2626 3725 hunc
2669 3665 2770 3728 effe
2815 3671 3061 3728 ordinem
3103 3689 3367 3739 certum.

1057 3739 1189 3817 quid
1216 3736 1275 3793 fit
1302 3757 1417 3812 quo
1444 3733 1753 3794 finitionem
1791 3737 2218 3813 confirmamus;
2260 3750 2314 3803 ἀ
2358 3765 2430 3806 an
2473 3747 2577 3802 boc
2606 3744 2669 3802 sit
2691 3785 2708 3813 ‚
2750 3767 2865 3824 quo
2899 3750 2952 3805 in
2982 3768 3090 3806 rem
3127 3745 3374 3806 finitio-

1050 3835 1185 3875 nem
1207 3815 1556 3904 applicamus.
1639 3815 1772 3874 Illud
1810 3818 2056 3896 generale
2074 3818 2175 3877 ess'e
2202 3860 2218 3885 ‚
2261 3827 2316 3880 δι
2365 3822 2479 3880 fere
2510 3821 2829 3885 difficilius:
2909 3824 3013 3884 hoc
3059 3827 3374 3902 particula-

1053 3914 1147 3994 ιτς
1185 3899 1243 3954 dc
1268 3891 1355 3954 'ad
1394 3892 1545 3964 ahud
1564 3892 1732 3972 sequi.
1771 3904 1835 3954 in
1867 3893 2118 3960 finitione
2140 3900 2542 3978 providendum
2583 3897 2687 3963 effe
2720 3940 2741 3972 ,
2785 3922 2854 3963 ne
2893 3901 2955 3965 fit
2988 3905 3322 3982 supervacua
3347 3941 3396 3970 .-

1100 4009 1113 4020 .
1200 3989 1207 4018 :
3208 3980 3379 4044 nihil
