3557 5113
817 298 1037 408 252
1297 260 1448 370 M.
1595 262 2022 371 Fassii
2171 261 3260 402 Qincritiam

724 560 915 656 Cn.
963 563 1061 647 V.
1145 572 1324 633 nata
1373 550 1801 635 videantur.
1893 546 2119 634 Unde
2179 547 2309 630 ina
2366 576 2527 645 non
2573 548 2978 653 injucunda
3013 549 3363 643 schemam

1143 681 1331 750 Pene
1373 666 1644 747 excidit
1684 664 1874 745 mihi
1890 699 1913 742 :
1971 668 2095 757 &5
2134 676 2433 773 Fugerat
2472 692 2584 746 me
2604 699 2627 740 .·
2699 669 2820 758 &3
2860 672 3050 744 Reae
3078 663 3360 744 admones.

1141 776 1563 886 Proposltis
1613 780 1827 858 enim
1894 775 2479 882 probationibus
2521 829 2543 864 ,
2597 778 2852 853 omnis
2906 777 2985 852 in
3049 774 3367 881 reliquum

1144 896 1392 995 gratia
1441 894 1805 971 novitatis
1842 891 2363 994 praecerpitur.
2446 891 2765 995 Interim
2810 914 2993 966 vero
3027 889 3233 964 etiam
3262 883 3368 964 fal-

1144 1000 1422 1101 lendus
1480 1002 1589 1083 est
1641 999 1877 1103 judex
1911 1055 1932 1089 ‚
2001 1005 2079 1081 δε
2146 1002 2371 1082 variis
2437 999 2722 1078 artibus
2795 997 3237 1077 subeundus:
3303 1018 3366 1074 ut

1145 1112 1358 1193 aliud
1394 1116 1557 1219 agi,
1599 1140 1834 1220 quam
1866 1110 2082 1219 quod
2123 1114 2503 1217 petimus,
2538 1132 2781 1218 putet.
2867 1117 3067 1189 Nam
3098 1108 3193 1188 est
3226 1133 3373 1187 non·

1145 1252 1557 1332 nunquam,
1581 1246 1584 1251 ·
1605 1223 1794 1304 dura
1847 1222 2314 1331 propositio.
2367 1249 2603 1329 quam
2653 1220 2885 1325 judex
2944 1218 3000 1300 fi
3054 1218 3372 1327 providet,

1143 1365 1309 1422 non
1350 1336 1572 1419 aliter
1606 1334 2063 1416 reformidat
2086 1392 2107 1426 ‚
2157 1361 2399 1446 quam
2438 1338 2574 1443 qui
2618 1332 2914 1419 ferrum
2964 1330 3219 1415 medici
3260 1334 3379 1435 pri·

1146 1476 1472 1556 usquam
1527 1471 1838 1529 curetur
1875 1505 1897 1538 ‚
1961 1447 2269 1557 aspexit.
2398 1450 2508 1525 At
2560 1445 2617 1526 st
2681 1475 2767 1527 re
2828 1474 2990 1527 non
3039 1468 3199 1524 ante
3239 1468 3374 1548 pro-

1141 1560 1387 1672 pofita
1427 1615 1456 1653 ‚b
1509 1560 1902 1647 securum,
1958 1587 2041 1638 ac
2098 1558 2308 1637 nulla
2360 1557 2952 1640 denunciatione
2991 1560 3069 1637 in
3125 1554 3189 1635 se
3232 1581 3376 1633 con·

1139 1672 1447 1757 versum
1475 1727 1496 1763 ‚
1563 1675 1865 1751 intrarit
1920 1676 2171 1750 oratio
2207 1727 2232 1762 ‚
2296 1669 2583 1751 efficiet
2710 1669 2879 1752 uod‘
2953 1667 3378 1777 promittenti

1137 1784 1300 1862 non
1364 1779 1825 1862 crederetur.
1924 1787 2241 1865 Interim
2296 1782 2644 1889 refugien
2702 1812 2745 1862 a
2806 1810 2971 1863 non
3022 1778 3244 1861 modo
3286 1775 3378 1856 di-

1132 1893 1441 1975 stinst‘ro
1493 1893 2004 2005 quaestionum
2037 1895 2191 1985 est,
2252 1892 2381 1972 sed
2422 1897 2759 1975 omnino
2803 1895 3180 1974 tradtatio:
3236 1884 3381 1968 affe-

1131 2004 1371 2088 stibus
1431 2003 1848 2085 turbandus
1872 2063 1895 2097 ,
1944 2011 2022 2085 &
2074 2007 2167 2086 ab
2223 2008 2662 2085 intentione
2712 2005 3162 2087 auferendus
3212 1998 3382 2081 audi-

1136 2136 1283 2197 tor.
1382 2123 1567 2198 Non
1610 2120 1828 2199 enim
1874 2118 2123 2197 solum
2179 2122 2506 2197 oratoris
2563 2118 2670 2199 est
2708 2118 3039 2210 docere,
3104 2115 3223 2196 fed
3246 2114 3385 2220 plus

1124 2227 1570 2335 eloquentia
1622 2234 1828 2312 circa
1871 2229 2359 2313 movendum
2409 2227 2630 2311 vaiet.
2733 2234 2891 2313 Cui
2954 2231 3065 2309 rei
3134 2248 3379 2307 contra-

1121 2345 1239 2419 ria
1291 2340 1400 2420 est
1460 2344 1802 2423 maxime
1855 2345 2101 2421 tenuis
2166 2342 2347 2433 il'la,
2398 2348 2475 2423 &
2532 2340 2975 2450 scrupulose
3035 2345 3115 2420 in
3175 2360 3379 2447 partes

1120 2450 1336 2536 {⁸ectae
1387 2450 1774 2535 divisionis
1811 2451 2257 2562 diligentia,
2295 2479 2396 2532 eo
2463 2475 2870 2562 ternpore,
2937 2481 3103 2565 quo.
3143 2475 3383 2556 cogno-
3458 2444 3459 2527 ζ

1121 2563 1355 2646 seenti
1407 2565 1780 2663 judicium
1846 2594 2221 2645 conamur
2277 2564 2595 2646 auferre.
2692 2568 2917 2674 Qid
2951 2625 2973 2653 ,
3044 2564 3239 2678 quod
3290 2567 3377 2640 in·

1120 2680 1352 2760 terim
1389 2703 1560 2784 quae
1602 2705 1742 2783 per
1798 2675 1868 2754 se
1909 2676 2104 2759 levia
2142 2676 2310 2759 sunt
2356 2684 2432 2759 ὅ(
2489 2679 2829 2764 infirma,
2871 2680 3090 2760 turba
3134 2671 3379 2759 valent?

1117 2785 1454 2896 Ideoque
1507 2789 1995 2893 congerenda
2059 2789 2227 2871 sunt
2277 2794 2536 2897 potius
2548 2847 2579 2884 ,
2634 2796 2715 2875 ὅ(
2758 2793 2979 2873 velut
3023 2792 3375 2899 eruptione

1118 2896 1656 3012 pugnandum:
1755 2899 1970 3005 quod
2021 2923 2284 2981 tamen
2326 2929 2585 2981 rarum
2642 2904 2798 2986 effe
2865 2904 3135 2995 debet,
3192 2908 3259 2980 &
3307 2924 3380 2975 ex

1113 3009 1550 3091 necessitate
1592 3009 1956 3120 demum,
2010 3040 2191 3092 cum
2254 3014 2410 3091 hoc
2470 3012 2722 3119 ipsum
2781 3015 3013 3124 quod
3066 3008 3383 3097 diffimil'e

1101 3126 1388 3210 rationi
1435 3121 1588 3215 est,
1628 3128 1969 3229 coegerit
2003 3136 2221 3205 ratio,
2338 3130 2620 3205 Praeter
2666 3128 2838 3209 h'aec
2880 3132 2970 3208 in
3013 3131 3229 3208 omni
3248 3149 3384 3229 par-

1102 3239 1381 3316 titione
1441 3235 1549 3314 est
1592 3241 1855 3350 utique
1902 3234 2193 3345 aliquid
2248 3236 2925 3344 potentissimum,
2993 3239 3206 3349 quod
3240 3259 3385 3316 cum

1096 3349 1394 3428 audivit
1470 3349 1700 3442 judex
1737 3406 1759 3440 ,
1828 3371 2101 3429 caetera
2151 3370 2517 3457 tanquam
2576 3350 3052 3456 supervacua
3125 3346 3389 3459 gravari

1093 3458 1309 3539 solet.
1428 3464 1690 3566 Itaque
1726 3460 1787 3540 fi
1848 3462 2075 3566 plura
2133 3462 2259 3544 vel
2301 3453 2732 3563 objicienda
2783 3464 3005 3554 sunt,
3059 3465 3183 3544 vel
3225 3459 3395 3540 diiu-

1095 3571 1339 3662 enda‚
1396 3575 1474 3651 ὅ(
1524 3571 1730 3654 utilis
1789 3577 1870 3653 &
1927 3572 2256 3674 jucunda
2289 3578 2605 3681 partitio
2642 3574 2805 3656 est?
2888 3599 2977 3661 ut
3007 3574 3199 3684 quid
3238 3596 3392 3681 qua-

1090 3709 1250 3798 que
1300 3680 1399 3766 de
1466 3710 1552 3770 re
1605 3683 1881 3765 dicturi
1934 3684 2191 3767 sumus
2226 3741 2249 3782 2
2344 3687 2621 3768 ordine
2684 3713 3083 3800 appareat.
3198 3691 3304 3764 At
3350 3679 3393 3758 fi

1090 3822 1337 3880 unum
1380 3796 1681 3883 crimen
1748 3799 1956 3880 varie
2016 3796 2502 3880 defendimus
2541 3855 2565 3884 ,
2624 3797 3145 3905 supervacua:
3238 3820 3318 3877 ut
3352 3790 3401 3872 si

1087 3909 1196 3999 iga
1241 3909 1667 4015 partiamur
1697 3943 1721 4005 3
1753 3915 2015 3989 Dicam
2055 3941 2195 3992 non
2241 3915 2460 3992 talem
2521 3909 2640 4019 ff
2713 3910 2913 3993 hunc
2969 3941 3185 4024 quem
3225 3934 3401 3990 tueor

1091 4047 1328 4127 teum,
1372 4043 1461 4105 ut
1483 4026 1570 4110 i‘n
1617 4051 1694 4114 eo
1724 4020 2062 4114 credibile
2098 4022 2341 4116 videri
2354 4028 2559 4144 ptfft
2589 4023 3129 4112 homicidium:
3186 4026 3400 4108 diem

1960 4159 1969 4162 “
3249 4157 3397 4223 “st-
