3557 5113
352 239 594 401 De
628 227 1071 441 Instit.
1114 232 1827 411 Oratoria,
1859 233 2155 395 Lib.
2187 241 2377 402 V.
2604 272 2661 402 3
2670 287 2826 405 29

228 596 332 653 m
380 567 657 651 clodius
716 593 801 649 ut
853 567 1050 673 bqstie
1111 567 1359 675 occistu
1413 567 1519 672 gli.
1645 573 1835 650 Non
1886 576 2175 683 utique.
2264 582 2483 660 Non·
2597 606 2726 683 ΟΔ
2749 632 2810 680 2,

232 682 392 764 dum
441 683 656 761 enim
715 680 1086 763 Clodium
1137 680 1662 762 infidiatorem
1719 683 2198 770 ostendimus
2248 721 2267 770 ε
2349 691 2484 775 sed
2581 715 2831 799 xlv„

229 794 306 876 fit
345 822 510 876 vera
554 798 943 875 connexio
977 825 1000 890 3
1064 802 1268 875 Recle
1317 801 1546 905 igitur
1576 794 1946 902 itfidiator
1997 827 2084 882 ut
2135 802 2332 906 histis
2371 836 2489 887 oc-
2636 805 2653 812 '

225 908 474 989 ciditur.
586 907 807 985 Nihil
851 905 945 987 ad
985 935 1148 987 nos.
1250 906 1632 987 Nondum
1674 912 1891 989 enim
1948 911 2267 995 Clodius
2304 917 2478 999 inii-

225 1021 448 1102 diator
480 1042 814 1124 apparet.
928 1018 1076 1100 Sed
1118 1040 1202 1099 ut
1260 1018 1517 1127 potest
1570 1018 1717 1098 effe
1775 1050 1958 1102 vera
2007 1029 2339 1107 intentio
2398 1035 2480 1112 δε

230 1136 416 1222 ratio,
455 1134 532 1211 δι
591 1154 854 1211 tamen
888 1130 1068 1210 falsa
1102 1133 1546 1211 connexio:
1607 1133 1713 1210 ita
1768 1129 1827 1214 s1
1883 1133 2013 1214 illa
2068 1139 2248 1218 falsa
2284 1140 2475 1228 sunt,

226 1272 581 1354 nunquam
651 1242 760 1323 est
817 1269 998 1325 vera
1070 1246 1477 1325 connexio.
1589 1242 2108 1350 Enthymema
2162 1252 2256 1331 ab
2310 1253 2475 1337 aliis

222 1361 563 1439 oratorius
619 1355 1099 1463 syllogismus
1120 1410 1144 1447 ,
1205 1355 1299 1435 ab
1367 1356 1529 1435 aliis
1565 1379 1741 1460 pars
1793 1356 2071 1438 dicitur
2143 1360 2480 1470 syllogiss

223 1475 370 1562 mi,
450 1490 862 1578 propterea
924 1465 1141 1576 quod
1199 1466 1681 1574 syllogismus
1731 1472 1999 1577 utique
2057 1473 2478 1556 conclufio-

221 1609 370 1661 nem
419 1587 496 1663 δ(
542 1577 1168 1686 propositionem
1219 1581 1450 1659 habet
1495 1633 1518 1669 ,
1586 1583 1666 1659 &
1706 1608 1852 1685 per
1894 1611 2169 1665 omnes
2215 1610 2470 1694 partes

221 1693 421 1775 efficit
466 1690 679 1803 quod
733 1692 1134 1799 proposuit
1172 1723 1190 1769 :
1264 1691 1769 1798 enthymema
1822 1716 2129 1775 tantum
2173 1700 2467 1781 intenta

223 1806 503 1912 intelligi
555 1826 1019 1886 contentum
1070 1804 1182 1886 fit.
1273 1802 1769 1912 Syllogismus
1808 1806 1975 1885 talis
2008 1845 2033 1900 ,-
2075 1813 2308 1892 Solum
2358 1811 2467 1891 bo-

211 1945 358 1996 num
399 1926 634 2000 virtus
685 1952 711 1996 .·
801 1947 973 1998 nam
1040 1918 1131 1996 id
1166 1917 1449 1997 demum
1525 1914 1780 1996 bonum
1848 1922 1944 2020 est
1973 1977 1996 2005 ,
2068 1950 2204 2032 quo
2263 1953 2463 2005 nemo

211 2034 367 2110 mle
411 2040 524 2111 uti
558 2026 786 2143 potest
810 2066 834 2108 .·
884 2038 1158 2111 virtute
1204 2060 1405 2111 nemo
1455 2033 1643 2109 male
1686 2040 1804 2109 uti
1833 2035 2061 2143 potgst
2106 2069 2131 2111 .·
2205 2033 2461 2117 bonum

207 2143 287 2245 5st
318 2173 461 2251 ergo
514 2152 775 2224 virtus.
861 2143 1385 2249 Enthymema
1425 2168 1522 2220 ex
1577 2141 2212 2249 consequentibus
2249 2180 2267 2239 ;
2332 2163 2455 2227 Bo-

207 2283 351 2333 num
379 2257 466 2360 5st
500 2264 740 2336 virtus
768 2310 791 2345 ‚
844 2284 992 2367 qua
1033 2284 1236 2336 nemo
1287 2256 1475 2334 male
1516 2260 1630 2333 uti
1659 2255 1894 2363 pottst.
2005 2261 2097 2334 Et
2147 2279 2454 2356 contra,-

206 2378 338 2444 Non
373 2368 462 2473 ςβ
501 2365 763 2450 bonum
802 2376 1113 2479 pecunia
1143 2403 1167 2444 :
1227 2398 1366 2447 non
1416 2374 1609 2446 enim
1681 2364 1936 2461 bonum
1974 2421 1996 2456 ,
2061 2398 2200 2476 qno
2273 2371 2467 2480 quis-⁸

205 2507 384 2587 qum
433 2485 630 2561 mle
671 2488 786 2563 uti
818 2482 1045 2590 potest
1089 2515 1111 2558 .·
1169 2485 1483 2591 pecunia
1508 2480 1738 2589 potss
1792 2483 1963 2591 quis
2027 2483 2216 2560 male
2293 2490 2407 2563 uti
2421 2520 2446 2580 ,τ

203 2620 315 2669 non
359 2601 588 2701 {gitur
639 2591 893 2674 bonum
947 2593 1045 2696 fst
1074 2600 1401 2703 pecunia.
1554 2590 2073 2696 Enthymema
2136 2605 2233 2672 ex
2309 2621 2450 2700 pu·-

204 2707 570 2806 gnantibus
591 2741 620 2796 ‚-
707 2718 821 2785 An
863 2702 1117 2784 bonnm
1169 2706 1264 2808 gl?
1292 2707 1602 2816 pecunia
1639 2756 1661 2783 ‚
1717 2731 1864 2812 qua
1912 2703 2197 2813 quisque
2236 2708 2461 2814 potest

202 2820 355 2896 male
383 2827 491 2898 uti
527 2824 577 2895 ἓ
640 2824 714 2895 Si
727 2823 1038 2929 pecunia
1079 2845 1229 2926 quae
1274 2819 1370 2922 est
1400 2823 1483 2894 in
1535 2840 1823 2922 argento
1839 2816 2119 2923 stgnato
2135 2873 2154 2899 ,
2195 2842 2440 2926 argen-

197 2949 324 3006 tm
365 2931 453 3031 ςβ
471 2966 495 3020 ,-
553 2935 690 3040 qui
735 2953 1109 3037 argentum
1168 2958 1368 3008 omne
1412 2931 1683 3037 legavit
1701 2984 1722 3012 ,
1762 2923 1853 3017 ἀ
1877 2936 2260 3037 pecuniam
2298 2959 2441 3039 quae

193 3039 273 3141 ss
319 3047 391 3119 in
430 3064 722 3154 argento
752 3042 1035 3149 signato
1097 3043 1368 3151 legavit
1405 3075 1428 3116 .·
1515 3051 1904 3145 Argentum
1954 3064 2191 3118 autem
2246 3071 2445 3121 omne

202 3151 433 3256 legavit
460 3189 482 3229 .·
539 3162 786 3265 igitur
822 3148 913 3246 ό-
944 3159 1327 3263 pecuniam
1369 3179 1515 3259 quae
1560 3151 1655 3251 9st
1702 3156 1785 3228 in
1831 3174 2118 3256 argento
2149 3155 2439 3258 legavit.

202 3261 485 3345 Habebit
535 3269 889 3347 formam
952 3260 1393 3370 syllogismi.
1487 3263 1801 3338 Oratori
1844 3258 2014 3338 fiatis
2071 3259 2180 3340 est
2234 3259 2443 3340 dicess

193 3399 263 3452 re
293 3411 318 3463 ‚-
380 3394 545 3458 Cum
592 3399 971 3485 ‘rgentum
1023 3376 1372 3483 legaverit
1429 3402 1628 3451 omne
1664 3427 1686 3460 ,
1741 3380 2124 3482 pecuniam
2169 3402 2441 3484 quoque

195 3485 416 3593 legavit
451 3522 607 3601 quae
662 3490 758 3592 ⁶st
786 3497 866 3567 in
925 3509 1236 3597 argento.
1344 3482 1711 3588 Pet-egisse
1751 3484 1948 3562 mihi
1999 3484 2272 3565 videor
2325 3486 2434 3566 sa-

194 3620 304 3674 cra
343 3603 810 3682 tradentium
874 3622 1070 3677 artes
1111 3651 1133 3686 ‚
1232 3594 1361 3675 sed
1410 3592 1731 3675 consilio
1803 3594 2016 3675 locus
2076 3597 2426 3703 superest.

192 3709 501 3819 Namque
539 3739 704 3821 ego
758 3733 843 3792 ut
883 3713 964 3789 in
1016 3711 1367 3790 oratione
1427 3705 1874 3814 syllogismo
1928 3708 2246 3815 quidem
2294 3711 2428 3792 ali-

179 3825 449 3925 quando
491 3829 612 3906 uti
654 3823 865 3903 nefas
910 3850 1073 3902 non
1116 3818 1365 3912 duce,
1417 3821 1523 3899 ita
1563 3819 1911 3899 constare
1964 3841 2239 3913 totam,
2303 3845 2433 3905 aut

166 3957 349 4015 certe
416 3933 866 4019 confertam
925 3933 1069 4012 esse
1129 3928 1699 4040 aggressionum
1752 3939 1832 4014 δε
1893 3934 2428 4040 enthymema-

167 4065 315 4162 tum
347 4049 766 4158 stipatione
801 4048 1130 4128 minime
1184 4043 1446 4130 velim.
1516 4042 1870 4149 Dialogis
1903 4047 2115 4124 enim
2156 4043 2433 4232 ἰῧεεῗιει-

1365 4158 1438 4234 Τ
1475 4173 1509 4231 t
2188 4182 2227 4232 e
2307 4155 2440 4235 icis
