3557 5113
388 250 633 422 De
681 247 1117 464 bfflit.
1163 254 1893 437 Oratoria,
1930 242 2242 418 Lib:
2263 252 2385 413 Ἰ.
2665 261 2888 406 ²57,-

249 580 348 666 his
397 578 728 694 petenda
747 640 772 678 ‚
830 610 1014 668 cum
1074 611 1218 669 nos
1270 581 1353 667 in
1431 580 1702 667 omnia
1759 576 2214 671 deliciarum
2278 588 2470 675 vitia
2504 644 2530 691 ,
2556 572 2949 684 estvm.

249 692 512 779 dicendi
564 721 881 807 quoque
930 699 1231 781 ratione
1271 696 1850 780 dei-luxerimus.
1940 702 2303 814 Denique
2366 728 2533 787 crea
2681 738 2687 744 ·

246 804 481 892 damus
516 811 836 894 summis
885 810 1365 905 oratoribus,
1422 812 1558 922 qui
1594 826 1956 894 veterum
1995 836 2362 923 poemata
2401 812 2532 903 vel

252 916 329 1004 ed
353 918 581 1005 fidem
626 918 1021 1004 causarum
1040 975 1064 1017 ,
1105 918 1234 1008 vel
1291 923 1390 1005 ad
1451 934 2008 1007 ornamentum
2068 924 2537 1039 eloquentiae

249 1032 635 1117 adsumunt.
731 1036 942 1117 Nam
981 1035 1211 1145 praeci
1270 1058 1366 1118 ue
1409 1030 1733 1146 quidem
1783 1030 1992 1145 apud
2033 1038 2528 1136 Ciceronem,

250 1148 657 1258 frequenter
711 1170 979 1230 tamen
1030 1172 1180 1259 apu
1290 1144 1647 1231 Asinium
1703 1149 1943 1231 etiam
1974 1201 1997 1243 ‚
2066 1152 2147 1235 &
2205 1172 2530 1238 eaeteros

253 1266 357 1368 qui
400 1260 587 1343 sunt
612 1258 962 1369 proximi
1005 1317 1028 1356 ,
1094 1254 1434 1345 vidimus
1503 1256 1772 1353 Ennii,
1849 1260 2111 1357 Accii,
2169 1266 2477 1352 Pacuvii
2496 1324 2525 1362 ,

247 1370 528 1465 Lucilii,
586 1374 981 1465 Terentii,
1054 1373 1383 1466 Caecilii,
1450 1375 1531 1457 δε
1586 1370 1923 1455 aliorum
1973 1374 2200 1458 inseri
2235 1373 2524 1473 versu&

259 1478 507 1567 summa
539 1514 707 1567 non
769 1483 1224 1569 eruditionis
1280 1485 1526 1568 modo
1565 1481 1810 1595 gratia
1827 1537 1850 1578 ‚
1917 1478 2048 1567 fied
2103 1488 2366 1571 etiam·
2408 1490 2526 1592 ju..

261 1595 647 1680 ctmdiratis:
715 1621 900 1680 cum
940 1603 1266 1707 poeticis
1312 1593 1839 1709 voluptatibus
1882 1619 2103 1680 aures
2159 1624 2205 1679 a
2239 1599 2526 1687 foi-eust

251 1705 599 1818 'asperitate
676 1704 1072 1820 respirent.
1137 1707 1415 1822 quibus
1492 1706 1788 1794 accedit
1864 1732 2030 1791 non
2099 1705 2524 1799 mediocris

247 1821 484 1907 utilitas
504 1878 528 1917 ‚
594 1808 784 1907 culfi
820 1823 1213 1906 sententiis
1254 1846 1533 1907 eorum
1553 1880 1578 1917 ,
1636 1816 1854 1906 velut
1899 1817 2360 1932 quibusdam
2404 1843 2519 1907 te-

249 1932 571 2019 stimoniis
593 1988 620 2031 ,
677 1960 848 2047 quae
887 1930 1361 2047 proposuere
1413 1927 1902 2018 confirment.
2020 1936 2324 2018 Verum
2413 1936 2516 2019 ri-

246 2068 356 2128 ora
406 2043 525 2131 ilia
600 2047 707 2131 ad
767 2072 1051 2159 pueros
1084 2047 1355 2158 'magis
1373 2100 1396 2141 ‚
1462 2049 1624 2130 haec
1678 2041 2089 2158 sequentia*
2117 2041 2217 2129 ad
2282 1956 2516 2131 rozu-

242 2158 469 2243 stiores
515 2160 1040 2272 pertinebunt.
1209 2166 1418 2245 Cum
1484 2163 2025 2269 grammatices
2090 2184 2318 2241 amor
2345 2215 2372 2252 ,
2430 2162 2517 2243 δε

242 2271 391 2353 usus
430 2275 769 2357 lectionis
789 2332 814 2367 ,
865 2298 1030 2357 non
1086 2268 1476 2355 scolarum
1536 2272 2018 2381 temporibus
2057 2325 2081 2363 ‚
2146 2269 2279 2353 sed
2331 2276 2515 2357 vitae

249 2380 461 2490 spatio
492 2391 1049 2483 tei-mineatum
1110 2384 1192 2467 in
1244 2379 1478 2495 praele
1480 2376 1743 2494 gendo
1815 2384 2367 2491 grammaticus
2429 2386 2515 2470 δε
2573 2438 2576 2439 ⁷

248 2488 361 2578 illa
396 2490 695 2610 quidem
742 2497 1056 2583 minora
1102 2492 1458 2608 praestare
1498 2493 1813 2580 debebit
1828 2546 1853 2583 ‚
1909 2510 1996 2577 ut
2047 2518 2303 2605 partes
2339 2521 2513 2580 ora-

240 2611 435 2694 tionis
491 2614 724 2698 reddi
779 2614 917 2697 sibi
963 2608 1218 2695 soluto
1277 2603 1500 2695 versu
1561 2602 1941 2692 desideret
1975 2658 2002 2704 ,
2065 2606 2148 2692 &
2213 2604 2512 2719 pedum

241 2730 711 2834 proprietates
734 2763 760 2805 .·
823 2754 997 2836 quae
1035 2724 1232 2808 adeo
1290 2717 1580 2805 debent
1633 2715 1782 2816 effe
1838 2745 2048 2804 notae
2101 2724 2186 2803 in
2238 2728 2511 2804 carmi·

244 2836 446 2934 nibus,
504 2863 590 2923 ut
654 2843 908 2923 ctiam
971 2842 1051 2921 in
1093 2832 2028 2948 oratoriacompofitione
2079 2832 2513 2916 defideren-

240 2967 385 3034 tur:
468 2949 1015 3064 deprehendat
1094 2968 1265 3061 quae
1342 2942 1660 3033 barbara
1699 2999 1723 3041 ‚
1775 2967 1948 3058 quae
2012 2943 2447 3056 impropria
2480 3001 2510 3041 ‚

232 3082 381 3171 quae
441 3085 719 3150 contra
802 3062 1064 3174 legem
1120 3054 1500 3173 loquendi
1558 3058 1746 3143 sunt·
1791 3059 2095 3169 posita:
2187 3080 2354 3143 non
2416 3080 2510 3143 ut

232 3200 314 3255 ex
340 3179 442 3262 his
474 3185 755 3294 utique
780 3170 1351 3287 improbentur
1408 3195 1703 3284 poetae:
1799 3166 2075 3283 quibus
2165 3171 2292 3253 uia
2343 3168 2512 3281 ple-‘-

229 3313 520 3403 rumque
566 3314 845 3375 metro
890 3286 1172 3375 servire
1208 3305 1641 3396 coguntur,
1678 3276 1880 3365 adeo·
1899 3285 2114 3390 ··igno
2146 3285 2387 3378 citur,
2423 3304 2514 3368 ut
2613 3329 2616 3330 f

235 3403 381 3483 vitia
422 3403 587 3515 ipsa
632 3402 811 3487 aliis
866 3400 948 3484 in
991 3395 1358 3485 carmine
1396 3391 2043 3509 appellationibus
2107 3397 2517 3479 nominen-
2617 3413 2620 3416 ’

242 3532 345 3594 tur.
420 3511 988 3628 metaplafinos
1033 3511 1248 3595 enim
1269 3569 1294 3607 ‚
1357 3514 1441 3597 ὅ(
1485 3505 2063 3594 schematismos
2096 3566 2119 3601 ,
2183 3511 2267 3593 ’δι’
2304 3505 2518 3592 sche'-

251 3647 436 3722 mata,
497 3655 586 3713 ut
626 3629 852 3721 dixi,
900 3651 1310 3713 vocamus,
1362 3627 1445 3711 ὅ(
1490 3619 1807 3705 laudem
1848 3620 2158 3708 virtutis
2201 3617 2516 3706 neceffi-

256 3742 354 3816 tati
378 3741 677 3828 damus:
724 3738 890 3847 ‘sed
946 3763 1034 3823 ut
1082 3757 1588 3822 commoneat
1632 3733 2150 3817 artificialium
2170 3790 2194 3827 ‚
2227 3740 2309 3820 δε
2349 3761 2518 3817 me-

239 3856 502 3939 monam
554 3859 848 3968 agitet.
950 3849 1040 3933 ld
1110 3847 1425 3966 q'uoque
1442 3881 1453 3886 ’
1473 3847 1477 3856 ’
1494 3852 1700 3931 inter
1762 3850 2020 3964 prima
2072 3841 2518 3962 rudimenta

223 3985 364 4044 non
388 3970 646 4053 inutile
671 4027 699 4065 ,
772 3957 1316 4050 demonstrare
1340 3973 1553 4077 ¹quot
1587 3955 1932 4073 'quaeque
1981 3962 2219 4046 verba
2258 3955 2523 4042 modis

218 4072 683 4194 intelligenda
725 4079 920 4167 fint.
1033 4084 1254 4169 Circa
1293 4076 1747 4278 glofflelmata
1792 4079 2082 4187 etjam}
2120 4071 2204 4181 id
2242 4071 2354 4160 cst
2379 4094 2525 4152 VO-

1616 4214 1661 4272 2
2180 4217 2186 4222 ’
2394 4200 2527 4270 099
