<?xml version="1.0" encoding="UTF-8"?>
<!DOCTYPE html PUBLIC "-//W3C//DTD XHTML 1.0 Transitional//EN"
    "http://www.w3.org/TR/xhtml1/DTD/xhtml1-transitional.dtd">
<html xmlns="http://www.w3.org/1999/xhtml" xml:lang="en" lang="en">
 <head>
  <title>
</title>
<meta http-equiv="Content-Type" content="text/html;charset=utf-8" />
  <meta name='ocr-system' content='tesseract 3.04.00' />
  <meta name='ocr-capabilities' content='ocr_page ocr_carea ocr_par ocr_line ocrx_word'/>
</head>
<body>
  <div class='ocr_page' id='page_1' title='image "./deinstitutioneo00obregoog_0853.png"; bbox 0 0 3557 5113; ppageno 0'>
   <div class='ocr_carea' id='block_1_1' title="bbox 289 129 2831 424">
    <p class='ocr_par' dir='ltr' id='par_1_1' title="bbox 289 127 2831 424">
     <span class='ocr_line' id='line_1_1' title="bbox 289 129 2831 424; baseline -0 -47"><span class='ocrx_word' id='word_1_1' title='bbox 289 146 981 423; x_wconf 56' lang='lat' dir='ltr'><em>D&#39;emstn.</em></span> <span class='ocrx_word' id='word_1_2' title='bbox 1013 129 2437 402; x_wconf 61' lang='lat' dir='ltr'>oratoria,Lib.x11.&#39;</span> <span class='ocrx_word' id='word_1_3' title='bbox 2603 207 2831 424; x_wconf 64' lang='lat'>7134</span> 
     </span>
    </p>
   </div>
   <div class='ocr_carea' id='block_1_2' title="bbox 149 531 2818 3994">
    <p class='ocr_par' dir='ltr' id='par_1_2' title="bbox 149 531 2818 3994">
     <span class='ocr_line' id='line_1_2' title="bbox 185 531 2818 643; baseline 0.003 -33"><span class='ocrx_word' id='word_1_4' title='bbox 185 551 412 610; x_wconf 84' lang='lat' dir='ltr'>mant.</span> <span class='ocrx_word' id='word_1_5' title='bbox 500 534 860 640; x_wconf 86' lang='lat' dir='ltr'>Sequitur</span> <span class='ocrx_word' id='word_1_6' title='bbox 886 537 969 613; x_wconf 83' lang='lat' dir='ltr'>in</span> <span class='ocrx_word' id='word_1_7' title='bbox 1011 537 1102 615; x_wconf 85' lang='lat' dir='ltr'>iis</span> <span class='ocrx_word' id='word_1_8' title='bbox 1138 562 1312 643; x_wconf 82' lang='lat' dir='ltr'>quae</span> <span class='ocrx_word' id='word_1_9' title='bbox 1352 555 1659 616; x_wconf 87' lang='lat' dir='ltr'>certum</span> <span class='ocrx_word' id='word_1_10' title='bbox 1681 531 1798 614; x_wconf 80' lang='lat' dir='ltr'>est</span> <span class='ocrx_word' id='word_1_11' title='bbox 1849 532 2058 617; x_wconf 87' lang='lat' dir='ltr'>effici</span> <span class='ocrx_word' id='word_1_12' title='bbox 2100 563 2258 616; x_wconf 87' lang='lat' dir='ltr'>non</span> <span class='ocrx_word' id='word_1_13' title='bbox 2290 534 2466 641; x_wconf 88' lang='lat' dir='ltr'>pos·</span> <span class='ocrx_word' id='word_1_14' title='bbox 2551 564 2729 642; x_wconf 56' lang='lat' dir='ltr'>0st</span> <span class='ocrx_word' id='word_1_15' title='bbox 2764 563 2818 640; x_wconf 71' lang='lat'>1,</span> 
     </span>
     <span class='ocr_line' id='line_1_3' title="bbox 186 641 2595 751; baseline 0.003 -30"><span class='ocrx_word' id='word_1_16' title='bbox 186 646 297 734; x_wconf 77' lang='lat' dir='ltr'>ie,</span> <span class='ocrx_word' id='word_1_17' title='bbox 355 641 730 724; x_wconf 86' lang='lat' dir='ltr'>deformis</span> <span class='ocrx_word' id='word_1_18' title='bbox 756 649 1232 751; x_wconf 85' lang='lat' dir='ltr'>pertinacia,-</span> <span class='ocrx_word' id='word_1_19' title='bbox 1291 653 1371 729; x_wconf 83' lang='lat'>&amp;</span> <span class='ocrx_word' id='word_1_20' title='bbox 1410 652 1668 728; x_wconf 78' lang='lat' dir='ltr'>irritus</span> <span class='ocrx_word' id='word_1_21' title='bbox 1702 647 1943 727; x_wconf 86' lang='lat' dir='ltr'>labor.</span> <span class='ocrx_word' id='word_1_22' title='bbox 2038 654 2244 728; x_wconf 85' lang='lat' dir='ltr'>Nam</span> <span class='ocrx_word' id='word_1_23' title='bbox 2272 647 2466 727; x_wconf 74' lang='lat' dir='ltr'>sicut</span> <span class='ocrx_word' id='word_1_24' title='bbox 2586 683 2595 693; x_wconf 92' lang='lat'><strong>·</strong></span> 
     </span>
     <span class='ocr_line' id='line_1_4' title="bbox 193 757 2467 867; baseline 0.002 -33"><span class='ocrx_word' id='word_1_25' title='bbox 193 758 276 834; x_wconf 89' lang='lat' dir='ltr'>in</span> <span class='ocrx_word' id='word_1_26' title='bbox 307 758 514 840; x_wconf 87' lang='lat' dir='ltr'>vita,</span> <span class='ocrx_word' id='word_1_27' title='bbox 580 759 682 837; x_wconf 89' lang='lat' dir='ltr'>ita</span> <span class='ocrx_word' id='word_1_28' title='bbox 720 758 801 835; x_wconf 89' lang='lat' dir='ltr'>in</span> <span class='ocrx_word' id='word_1_29' title='bbox 866 757 1099 838; x_wconf 79' lang='lat' dir='ltr'>causis</span> <span class='ocrx_word' id='word_1_30' title='bbox 1137 786 1451 867; x_wconf 91' lang='lat' dir='ltr'>quoque</span> <span class='ocrx_word' id='word_1_31' title='bbox 1506 759 1669 865; x_wconf 83' lang='lat' dir='ltr'>spes</span> <span class='ocrx_word' id='word_1_32' title='bbox 1717 760 2106 867; x_wconf 87' lang='lat' dir='ltr'>improbas</span> <span class='ocrx_word' id='word_1_33' title='bbox 2161 760 2467 840; x_wconf 86' lang='lat' dir='ltr'>habent.</span> 
     </span>
     <span class='ocr_line' id='line_1_5' title="bbox 203 870 2473 975; baseline 0 -29"><span class='ocrx_word' id='word_1_34' title='bbox 203 871 663 975; x_wconf 85' lang='lat' dir='ltr'>Frequenter</span> <span class='ocrx_word' id='word_1_35' title='bbox 698 890 958 949; x_wconf 87' lang='lat' dir='ltr'>autern</span> <span class='ocrx_word' id='word_1_36' title='bbox 1004 870 1326 961; x_wconf 85' lang='lat' dir='ltr'>accidit,</span> <span class='ocrx_word' id='word_1_37' title='bbox 1359 895 1440 954; x_wconf 89' lang='lat' dir='ltr'>ut</span> <span class='ocrx_word' id='word_1_38' title='bbox 1472 872 1591 951; x_wconf 87' lang='lat' dir='ltr'>his</span> <span class='ocrx_word' id='word_1_39' title='bbox 1631 876 1867 951; x_wconf 87' lang='lat' dir='ltr'>etiam</span> <span class='ocrx_word' id='word_1_40' title='bbox 1923 899 2107 951; x_wconf 87' lang='lat' dir='ltr'>vera</span> <span class='ocrx_word' id='word_1_41' title='bbox 2151 871 2473 951; x_wconf 87' lang='lat' dir='ltr'>dicenti-</span> 
     </span>
     <span class='ocr_line' id='line_1_6' title="bbox 195 977 2468 1090; baseline 0.003 -32"><span class='ocrx_word' id='word_1_42' title='bbox 195 978 330 1061; x_wconf 85' lang='lat' dir='ltr'>bus</span> <span class='ocrx_word' id='word_1_43' title='bbox 364 977 555 1060; x_wconf 85' lang='lat' dir='ltr'>fides</span> <span class='ocrx_word' id='word_1_44' title='bbox 619 979 879 1071; x_wconf 82' lang='lat' dir='ltr'>defit,</span> <span class='ocrx_word' id='word_1_45' title='bbox 931 981 1434 1090; x_wconf 85' lang='lat' dir='ltr'>videaturque</span> <span class='ocrx_word' id='word_1_46' title='bbox 1487 983 1652 1062; x_wconf 85' lang='lat' dir='ltr'>talis</span> <span class='ocrx_word' id='word_1_47' title='bbox 1704 980 2182 1076; x_wconf 76' lang='lat' dir='ltr'>advocatuS,</span> <span class='ocrx_word' id='word_1_48' title='bbox 2250 982 2468 1064; x_wconf 83' lang='lat' dir='ltr'>malae</span> 
     </span>
     <span class='ocr_line' id='line_1_7' title="bbox 194 1091 2467 1202; baseline 0.002 -32"><span class='ocrx_word' id='word_1_49' title='bbox 194 1097 421 1171; x_wconf 76' lang='lat' dir='ltr'>cauiae</span> <span class='ocrx_word' id='word_1_50' title='bbox 474 1114 1046 1197; x_wconf 83' lang='lat' dir='ltr'>argumentum.</span> <span class='ocrx_word' id='word_1_51' title='bbox 1125 1100 1355 1173; x_wconf 90' lang='lat' dir='ltr'>Nunc</span> <span class='ocrx_word' id='word_1_52' title='bbox 1391 1093 1489 1174; x_wconf 88' lang='lat' dir='ltr'>de</span> <span class='ocrx_word' id='word_1_53' title='bbox 1536 1096 1626 1172; x_wconf 89' lang='lat' dir='ltr'>iis</span> <span class='ocrx_word' id='word_1_54' title='bbox 1659 1091 2073 1185; x_wconf 85' lang='lat' dir='ltr'>dicendum</span> <span class='ocrx_word' id='word_1_55' title='bbox 2107 1095 2253 1186; x_wconf 87' lang='lat' dir='ltr'>est,</span> <span class='ocrx_word' id='word_1_56' title='bbox 2295 1121 2467 1202; x_wconf 84' lang='lat' dir='ltr'>quae</span> 
     </span>
     <span class='ocr_line' id='line_1_8' title="bbox 190 1151 2469 1327; baseline 0.001 -46"><span class='ocrx_word' id='word_1_57' title='bbox 190 1203 380 1281; x_wconf 87' lang='lat' dir='ltr'>mihi</span> <span class='ocrx_word' id='word_1_58' title='bbox 419 1202 626 1327; x_wconf 74' lang='lat' dir='ltr'>quasi</span> <span class='ocrx_word' id='word_1_59' title='bbox 677 1204 1239 1313; x_wconf 86' lang='lat' dir='ltr'>conspiratione</span> <span class='ocrx_word' id='word_1_60' title='bbox 1281 1204 1618 1314; x_wconf 87' lang='lat' dir='ltr'>quadam</span> <span class='ocrx_word' id='word_1_61' title='bbox 1661 1206 1874 1312; x_wconf 88' lang='lat' dir='ltr'>vulgi</span> <span class='ocrx_word' id='word_1_62' title='bbox 1920 1151 2320 1286; x_wconf 57' lang='lat' dir='ltr'>reclama&#39;ri</span> <span class='ocrx_word' id='word_1_63' title='bbox 2362 1208 2469 1286; x_wconf 89' lang='lat' dir='ltr'>vi-</span> 
     </span>
     <span class='ocr_line' id='line_1_9' title="bbox 189 1311 2515 1444; baseline 0.001 -49"><span class='ocrx_word' id='word_1_64' title='bbox 189 1312 488 1397; x_wconf 84' lang='lat' dir='ltr'>dentur.</span> <span class='ocrx_word' id='word_1_65' title='bbox 564 1311 867 1396; x_wconf 86' lang='lat' dir='ltr'>Orator</span> <span class='ocrx_word' id='word_1_66' title='bbox 907 1344 1099 1444; x_wconf 85' lang='lat' dir='ltr'>ergo</span> <span class='ocrx_word' id='word_1_67' title='bbox 1143 1317 1716 1398; x_wconf 85' lang='lat' dir='ltr'>Demosthenes</span> <span class='ocrx_word' id='word_1_68' title='bbox 1758 1345 1921 1412; x_wconf 89' lang='lat' dir='ltr'>non</span> <span class='ocrx_word' id='word_1_69' title='bbox 1965 1318 2118 1397; x_wconf 81' lang='lat' dir='ltr'>fuit</span> <span class='ocrx_word' id='word_1_70' title='bbox 2159 1324 2196 1396; x_wconf 84' lang='lat'><em>?</em></span> <span class='ocrx_word' id='word_1_71' title='bbox 2253 1318 2464 1424; x_wconf 88' lang='lat' dir='ltr'>atqui</span> <span class='ocrx_word' id='word_1_72' title='bbox 2511 1376 2515 1380; x_wconf 75' lang='lat'><strong>·</strong></span> 
     </span>
     <span class='ocr_line' id='line_1_10' title="bbox 186 1425 2467 1535; baseline 0.001 -29"><span class='ocrx_word' id='word_1_73' title='bbox 186 1425 482 1512; x_wconf 87' lang='lat' dir='ltr'>malum</span> <span class='ocrx_word' id='word_1_74' title='bbox 529 1430 785 1515; x_wconf 82' lang='lat' dir='ltr'>virum</span> <span class='ocrx_word' id='word_1_75' title='bbox 827 1433 1283 1535; x_wconf 88' lang='lat' dir='ltr'>accepimus.</span> <span class='ocrx_word' id='word_1_76' title='bbox 1376 1436 1560 1509; x_wconf 92' lang='lat' dir='ltr'>Non</span> <span class='ocrx_word' id='word_1_77' title='bbox 1586 1431 1863 1509; x_wconf 89' lang='lat' dir='ltr'>Cicero</span> <span class='ocrx_word' id='word_1_78' title='bbox 1903 1430 1927 1489; x_wconf 60' lang='grc' dir='ltr'>Ρ</span> <span class='ocrx_word' id='word_1_79' title='bbox 1994 1452 2067 1508; x_wconf 90' lang='lat' dir='ltr'>at</span> <span class='ocrx_word' id='word_1_80' title='bbox 2124 1431 2200 1508; x_wconf 91' lang='lat' dir='ltr'>ui</span> <span class='ocrx_word' id='word_1_81' title='bbox 2242 1428 2467 1530; x_wconf 86' lang='lat' dir='ltr'>hujus</span> 
     </span>
     <span class='ocr_line' id='line_1_11' title="bbox 190 1457 2555 1649; baseline 0.001 -32"><span class='ocrx_word' id='word_1_82' title='bbox 190 1565 497 1646; x_wconf 90' lang='lat' dir='ltr'>quoque</span> <span class='ocrx_word' id='word_1_83' title='bbox 529 1568 798 1621; x_wconf 56' lang='lat' dir='ltr'>»mores</span> <span class='ocrx_word' id='word_1_84' title='bbox 843 1543 1074 1638; x_wconf 76' lang='lat' dir='ltr'>multi</span> <span class='ocrx_word' id='word_1_85' title='bbox 1121 1541 1804 1649; x_wconf 88' lang='lat' dir='ltr'>reprehenderunt.</span> <span class='ocrx_word' id='word_1_86' title='bbox 1906 1457 2142 1633; x_wconf 43' lang='lat' dir='ltr'>Qui}</span> <span class='ocrx_word' id='word_1_87' title='bbox 2192 1536 2463 1647; x_wconf 81' lang='lat' dir='ltr'>agam?</span> <span class='ocrx_word' id='word_1_88' title='bbox 2552 1587 2555 1592; x_wconf 70' lang='lat'><em>,</em></span> 
     </span>
     <span class='ocr_line' id='line_1_12' title="bbox 185 1649 2467 1760; baseline -0 -31"><span class='ocrx_word' id='word_1_89' title='bbox 185 1676 461 1756; x_wconf 86' lang='lat' dir='ltr'>magna</span> <span class='ocrx_word' id='word_1_90' title='bbox 503 1649 838 1759; x_wconf 78' lang='lat' dir='ltr'>responsi</span> <span class='ocrx_word' id='word_1_91' title='bbox 869 1652 1158 1736; x_wconf 87' lang='lat' dir='ltr'>invidia</span> <span class='ocrx_word' id='word_1_92' title='bbox 1193 1653 1577 1735; x_wconf 88' lang='lat' dir='ltr'>subeunda</span> <span class='ocrx_word' id='word_1_93' title='bbox 1623 1653 1775 1738; x_wconf 86' lang='lat' dir='ltr'>est,</span> <span class='ocrx_word' id='word_1_94' title='bbox 1813 1650 2260 1760; x_wconf 83' lang='lat' dir='ltr'>mitigandae</span> <span class='ocrx_word' id='word_1_95' title='bbox 2296 1651 2467 1729; x_wconf 89' lang='lat' dir='ltr'>sunt</span> 
     </span>
     <span class='ocr_line' id='line_1_13' title="bbox 184 1764 2465 1870; baseline 0 -29"><span class='ocrx_word' id='word_1_96' title='bbox 184 1766 390 1867; x_wconf 85' lang='lat' dir='ltr'>prius</span> <span class='ocrx_word' id='word_1_97' title='bbox 435 1791 669 1850; x_wconf 84' lang='lat' dir='ltr'>aures.</span> <span class='ocrx_word' id='word_1_98' title='bbox 797 1765 998 1847; x_wconf 85' lang='lat' dir='ltr'>Mihi</span> <span class='ocrx_word' id='word_1_99' title='bbox 1044 1769 1257 1847; x_wconf 87' lang='lat' dir='ltr'>enim</span> <span class='ocrx_word' id='word_1_100' title='bbox 1291 1793 1436 1846; x_wconf 87' lang='lat' dir='ltr'>nec</span> <span class='ocrx_word' id='word_1_101' title='bbox 1454 1764 2022 1848; x_wconf 87' lang='lat' dir='ltr'>Demosthenes</span> <span class='ocrx_word' id='word_1_102' title='bbox 2049 1787 2210 1866; x_wconf 79' lang='lat' dir='ltr'>tam</span> <span class='ocrx_word' id='word_1_103' title='bbox 2244 1765 2465 1870; x_wconf 87' lang='lat' dir='ltr'>gravi</span> 
     </span>
     <span class='ocr_line' id='line_1_14' title="bbox 184 1871 2466 1983; baseline 0.001 -30"><span class='ocrx_word' id='word_1_104' title='bbox 184 1901 500 1954; x_wconf 86' lang='lat' dir='ltr'>morum</span> <span class='ocrx_word' id='word_1_105' title='bbox 561 1871 835 1983; x_wconf 83' lang='lat' dir='ltr'>dignus</span> <span class='ocrx_word' id='word_1_106' title='bbox 892 1878 1202 1961; x_wconf 86' lang='lat' dir='ltr'>videtur</span> <span class='ocrx_word' id='word_1_107' title='bbox 1253 1876 1544 1959; x_wconf 87' lang='lat' dir='ltr'>invidia</span> <span class='ocrx_word' id='word_1_108' title='bbox 1587 1933 1610 1968; x_wconf 90' lang='lat'>‚</span> <span class='ocrx_word' id='word_1_109' title='bbox 1685 1899 1771 1957; x_wconf 92' lang='lat' dir='ltr'>ut</span> <span class='ocrx_word' id='word_1_110' title='bbox 1836 1880 2103 1958; x_wconf 90' lang='lat' dir='ltr'>omnia</span> <span class='ocrx_word' id='word_1_111' title='bbox 2150 1901 2347 1982; x_wconf 42' lang='lat' dir='ltr'>quaew</span> <span class='ocrx_word' id='word_1_112' title='bbox 2386 1876 2466 1956; x_wconf 92' lang='lat' dir='ltr'>in</span> 
     </span>
     <span class='ocr_line' id='line_1_15' title="bbox 181 1985 2463 2094; baseline 0 -30"><span class='ocrx_word' id='word_1_113' title='bbox 181 2011 363 2065; x_wconf 86' lang='lat' dir='ltr'>eum</span> <span class='ocrx_word' id='word_1_114' title='bbox 400 1987 494 2065; x_wconf 91' lang='lat' dir='ltr'>ab</span> <span class='ocrx_word' id='word_1_115' title='bbox 526 1988 872 2067; x_wconf 71' lang='lat' dir='ltr'>inimicis</span> <span class='ocrx_word' id='word_1_116' title='bbox 897 1991 1256 2094; x_wconf 85' lang='lat' dir='ltr'>congesta</span> <span class='ocrx_word' id='word_1_117' title='bbox 1295 1990 1464 2068; x_wconf 90' lang='lat' dir='ltr'>sunt</span> <span class='ocrx_word' id='word_1_118' title='bbox 1486 2043 1511 2078; x_wconf 85' lang='lat'>‚</span> <span class='ocrx_word' id='word_1_119' title='bbox 1567 1988 1882 2068; x_wconf 89' lang='lat' dir='ltr'>credam</span> <span class='ocrx_word' id='word_1_120' title='bbox 1912 2023 1935 2079; x_wconf 85' lang='lat'>,-</span> <span class='ocrx_word' id='word_1_121' title='bbox 1973 2016 2154 2068; x_wconf 88' lang='lat' dir='ltr'>cum</span> <span class='ocrx_word' id='word_1_122' title='bbox 2187 1991 2264 2067; x_wconf 67' lang='grc' dir='ltr'>ὃς</span> <span class='ocrx_word' id='word_1_123' title='bbox 2299 1985 2463 2091; x_wconf 88' lang='lat' dir='ltr'>pul-</span> 
     </span>
     <span class='ocr_line' id='line_1_16' title="bbox 180 2096 2465 2204; baseline 0.001 -27"><span class='ocrx_word' id='word_1_124' title='bbox 180 2096 569 2177; x_wconf 86' lang='lat' dir='ltr'>cherrima</span> <span class='ocrx_word' id='word_1_125' title='bbox 618 2105 779 2200; x_wconf 86' lang='lat' dir='ltr'>ejus</span> <span class='ocrx_word' id='word_1_126' title='bbox 837 2101 916 2177; x_wconf 93' lang='lat' dir='ltr'>in</span> <span class='ocrx_word' id='word_1_127' title='bbox 971 2099 1365 2204; x_wconf 80' lang='lat' dir='ltr'>republica</span> <span class='ocrx_word' id='word_1_128' title='bbox 1416 2098 1724 2178; x_wconf 74' lang='lat' dir='ltr'>consilia</span> <span class='ocrx_word' id='word_1_129' title='bbox 1757 2153 1781 2189; x_wconf 88' lang='lat'>‚</span> <span class='ocrx_word' id='word_1_130' title='bbox 1834 2105 1913 2181; x_wconf 70' lang='grc' dir='ltr'>ὃ(</span> <span class='ocrx_word' id='word_1_131' title='bbox 1983 2099 2225 2178; x_wconf 87' lang='lat' dir='ltr'>finem</span> <span class='ocrx_word' id='word_1_132' title='bbox 2283 2102 2465 2180; x_wconf 85' lang='lat' dir='ltr'>vitae</span> 
     </span>
     <span class='ocr_line' id='line_1_17' title="bbox 178 2208 2469 2316; baseline 0 -27"><span class='ocrx_word' id='word_1_133' title='bbox 178 2208 476 2290; x_wconf 82' lang='lat' dir='ltr'>clarum</span> <span class='ocrx_word' id='word_1_134' title='bbox 521 2209 797 2316; x_wconf 74' lang='lat' dir='ltr'>legam.</span> <span class='ocrx_word' id='word_1_135' title='bbox 892 2216 1060 2292; x_wconf 89' lang='lat' dir='ltr'>Nec</span> <span class='ocrx_word' id='word_1_136' title='bbox 1116 2217 1384 2291; x_wconf 82' lang='lat' dir='ltr'>Marco</span> <span class='ocrx_word' id='word_1_137' title='bbox 1436 2211 1704 2291; x_wconf 87' lang='lat' dir='ltr'>Tullio</span> <span class='ocrx_word' id='word_1_138' title='bbox 1750 2209 2057 2289; x_wconf 83' lang='lat' dir='ltr'>defuisse</span> <span class='ocrx_word' id='word_1_139' title='bbox 2102 2209 2338 2291; x_wconf 80' lang='lat' dir='ltr'>video</span> <span class='ocrx_word' id='word_1_140' title='bbox 2378 2212 2469 2289; x_wconf 86' lang='lat' dir='ltr'>in</span> 
     </span>
     <span class='ocr_line' id='line_1_18' title="bbox 178 2320 2464 2428; baseline -0.001 -27"><span class='ocrx_word' id='word_1_141' title='bbox 178 2320 335 2401; x_wconf 89' lang='lat' dir='ltr'>ulla</span> <span class='ocrx_word' id='word_1_142' title='bbox 378 2342 596 2427; x_wconf 88' lang='lat' dir='ltr'>parte</span> <span class='ocrx_word' id='word_1_143' title='bbox 617 2325 801 2405; x_wconf 83' lang='lat' dir='ltr'>civis</span> <span class='ocrx_word' id='word_1_144' title='bbox 824 2326 1109 2428; x_wconf 84' lang='lat' dir='ltr'>optimi</span> <span class='ocrx_word' id='word_1_145' title='bbox 1145 2323 1654 2405; x_wconf 87' lang='lat' dir='ltr'>voluntatem.</span> <span class='ocrx_word' id='word_1_146' title='bbox 1749 2321 2236 2401; x_wconf 88' lang='lat' dir='ltr'>Testimonio</span> <span class='ocrx_word' id='word_1_147' title='bbox 2255 2320 2363 2401; x_wconf 91' lang='lat' dir='ltr'>est</span> <span class='ocrx_word' id='word_1_148' title='bbox 2384 2347 2464 2398; x_wconf 88' lang='lat' dir='ltr'>a·</span> 
     </span>
     <span class='ocr_line' id='line_1_19' title="bbox 182 2429 2467 2539; baseline -0.001 -27"><span class='ocrx_word' id='word_1_149' title='bbox 182 2434 346 2512; x_wconf 67' lang='lat' dir='ltr'>&amp;us</span> <span class='ocrx_word' id='word_1_150' title='bbox 370 2432 834 2520; x_wconf 85' lang='lat' dir='ltr'>nobiliffime</span> <span class='ocrx_word' id='word_1_151' title='bbox 867 2433 1340 2515; x_wconf 87' lang='lat' dir='ltr'>consulatus.-</span> <span class='ocrx_word' id='word_1_152' title='bbox 1367 2437 1868 2539; x_wconf 85' lang='lat' dir='ltr'>integerrime</span> <span class='ocrx_word' id='word_1_153' title='bbox 1894 2436 2294 2538; x_wconf 74' lang='lat' dir='ltr'>provincia</span> <span class='ocrx_word' id='word_1_154' title='bbox 2335 2429 2467 2510; x_wconf 89' lang='lat' dir='ltr'>ad-</span> 
     </span>
     <span class='ocr_line' id='line_1_20' title="bbox 179 2543 2477 2652; baseline -0.001 -28"><span class='ocrx_word' id='word_1_155' title='bbox 179 2544 656 2627; x_wconf 86' lang='lat' dir='ltr'>ministrata:</span> <span class='ocrx_word' id='word_1_156' title='bbox 733 2553 814 2628; x_wconf 86' lang='lat'>&amp;</span> <span class='ocrx_word' id='word_1_157' title='bbox 855 2546 1307 2652; x_wconf 86' lang='lat' dir='ltr'>repudiatus</span> <span class='ocrx_word' id='word_1_158' title='bbox 1313 2549 1622 2651; x_wconf 74' lang='lat' dir='ltr'>viginti·</span> <span class='ocrx_word' id='word_1_159' title='bbox 1590 2547 1969 2635; x_wconf 83' lang='lat' dir='ltr'>-viratus,·</span> <span class='ocrx_word' id='word_1_160' title='bbox 2027 2543 2477 2626; x_wconf 87' lang='lat' dir='ltr'>&amp;civilibus</span> 
     </span>
     <span class='ocr_line' id='line_1_21' title="bbox 176 2648 2482 2784; baseline -0.001 -49"><span class='ocrx_word' id='word_1_161' title='bbox 176 2655 450 2747; x_wconf 72' lang='lat' dir='ltr'>bellis,</span> <span class='ocrx_word' id='word_1_162' title='bbox 505 2684 677 2765; x_wconf 85' lang='lat' dir='ltr'>quae</span> <span class='ocrx_word' id='word_1_163' title='bbox 717 2661 799 2739; x_wconf 89' lang='lat' dir='ltr'>in</span> <span class='ocrx_word' id='word_1_164' title='bbox 836 2680 1144 2739; x_wconf 84' lang='lat' dir='ltr'>aetatem</span> <span class='ocrx_word' id='word_1_165' title='bbox 1173 2662 1328 2759; x_wconf 87' lang='lat' dir='ltr'>ejus</span> <span class='ocrx_word' id='word_1_166' title='bbox 1368 2656 1807 2784; x_wconf 74' lang='lat' dir='ltr'>gravissima</span> <span class='ocrx_word' id='word_1_167' title='bbox 1835 2655 2293 2747; x_wconf 89' lang='lat' dir='ltr'>inciderunt,</span> <span class='ocrx_word' id='word_1_168' title='bbox 2345 2648 2482 2734; x_wconf 75' lang='lat' dir='ltr'>ne&#39;-</span> 
     </span>
     <span class='ocr_line' id='line_1_22' title="bbox 177 2762 2473 2894; baseline 0 -48"><span class='ocrx_word' id='word_1_169' title='bbox 177 2794 336 2875; x_wconf 83' lang='lat' dir='ltr'>que</span> <span class='ocrx_word' id='word_1_170' title='bbox 375 2768 512 2894; x_wconf 79' lang='lat' dir='ltr'>spe</span> <span class='ocrx_word' id='word_1_171' title='bbox 538 2797 806 2877; x_wconf 88' lang='lat' dir='ltr'>neque</span> <span class='ocrx_word' id='word_1_172' title='bbox 845 2792 1063 2852; x_wconf 89' lang='lat' dir='ltr'>metu</span> <span class='ocrx_word' id='word_1_173' title='bbox 1118 2769 1560 2852; x_wconf 87' lang='lat' dir='ltr'>declinatus</span> <span class='ocrx_word' id='word_1_174' title='bbox 1595 2762 1948 2856; x_wconf 87' lang='lat' dir='ltr'>animus,</span> <span class='ocrx_word' id='word_1_175' title='bbox 1997 2796 2157 2879; x_wconf 89' lang='lat' dir='ltr'>quo</span> <span class='ocrx_word' id='word_1_176' title='bbox 2217 2773 2473 2849; x_wconf 82' lang='lat' dir='ltr'>minus</span> 
     </span>
     <span class='ocr_line' id='line_1_23' title="bbox 172 2879 2472 2988; baseline -0.002 -29"><span class='ocrx_word' id='word_1_177' title='bbox 172 2882 505 2987; x_wconf 88' lang='lat' dir='ltr'>optimis</span> <span class='ocrx_word' id='word_1_178' title='bbox 558 2879 633 2959; x_wconf 91' lang='lat' dir='ltr'>se</span> <span class='ocrx_word' id='word_1_179' title='bbox 678 2882 1093 2987; x_wconf 64' lang='lat' dir='ltr'>partibus,</span> <span class='ocrx_word' id='word_1_180' title='bbox 1152 2880 1230 2962; x_wconf 92' lang='lat' dir='ltr'>id</span> <span class='ocrx_word' id='word_1_181' title='bbox 1298 2882 1406 2961; x_wconf 91' lang='lat' dir='ltr'>est</span> <span class='ocrx_word' id='word_1_182' title='bbox 1438 2882 1879 2987; x_wconf 72' lang='lat' dir='ltr'>reipublicae</span> <span class='ocrx_word' id='word_1_183' title='bbox 1918 2885 2289 2988; x_wconf 87' lang='lat' dir='ltr'>junger.et</span> <span class='ocrx_word' id='word_1_184' title='bbox 2341 2881 2472 2957; x_wconf 86' lang='lat' dir='ltr'>Pa-</span> 
     </span>
     <span class='ocr_line' id='line_1_24' title="bbox 173 2990 2473 3101; baseline -0.003 -29"><span class='ocrx_word' id='word_1_185' title='bbox 173 3018 398 3072; x_wconf 86' lang='lat' dir='ltr'>mm</span> <span class='ocrx_word' id='word_1_186' title='bbox 430 2991 654 3073; x_wconf 86' lang='lat' dir='ltr'>fortis</span> <span class='ocrx_word' id='word_1_187' title='bbox 714 2992 1022 3076; x_wconf 87' lang='lat' dir='ltr'>videtur</span> <span class='ocrx_word' id='word_1_188' title='bbox 1068 2990 1520 3101; x_wconf 88' lang='lat' dir='ltr'>quibusdam</span> <span class='ocrx_word' id='word_1_189' title='bbox 1578 3022 1595 3068; x_wconf 78' lang='lat' dir='ltr'><em>z</em></span> <span class='ocrx_word' id='word_1_190' title='bbox 1669 2993 1945 3098; x_wconf 88' lang='lat' dir='ltr'>quibus</span> <span class='ocrx_word' id='word_1_191' title='bbox 1998 2994 2297 3095; x_wconf 85' lang='lat' dir='ltr'>optime</span> <span class='ocrx_word' id='word_1_192' title='bbox 2353 3015 2473 3066; x_wconf 87' lang='lat' dir='ltr'>re-</span> 
     </span>
     <span class='ocr_line' id='line_1_25' title="bbox 168 3100 2662 3212; baseline -0.005 -27"><span class='ocrx_word' id='word_1_193' title='bbox 168 3100 493 3212; x_wconf 87' lang='lat' dir='ltr'>spondit</span> <span class='ocrx_word' id='word_1_194' title='bbox 546 3104 764 3210; x_wconf 83' lang='lat' dir='ltr'>ipse,</span> <span class='ocrx_word' id='word_1_195' title='bbox 828 3134 969 3186; x_wconf 82' lang='lat' dir='ltr'>non</span> <span class='ocrx_word' id='word_1_196' title='bbox 996 3106 1086 3209; x_wconf 89' lang='lat' dir='ltr'>se</span> <span class='ocrx_word' id='word_1_197' title='bbox 1141 3104 1486 3187; x_wconf 72' lang='lat' dir='ltr'>timidum</span> <span class='ocrx_word' id='word_1_198' title='bbox 1543 3109 1623 3183; x_wconf 84' lang='lat' dir='ltr'>in</span> <span class='ocrx_word' id='word_1_199' title='bbox 1646 3103 1746 3206; x_wconf 87' lang='lat' dir='ltr'><em>s</em></span> <span class='ocrx_word' id='word_1_200' title='bbox 1722 3100 2176 3212; x_wconf 75' lang='lat' dir='ltr'>sc&#39;tptendts</span> <span class='ocrx_word' id='word_1_201' title='bbox 2212 3100 2298 3206; x_wconf 89' lang='lat' dir='ltr'><em>f</em></span> <span class='ocrx_word' id='word_1_202' title='bbox 2298 3101 2363 3177; x_wconf 89' lang='lat' dir='ltr'>d</span> <span class='ocrx_word' id='word_1_203' title='bbox 2392 3107 2476 3178; x_wconf 83' lang='lat' dir='ltr'>in</span> <span class='ocrx_word' id='word_1_204' title='bbox 2523 3178 2526 3182; x_wconf 9' lang='grc' dir='ltr'><strong>Α</strong></span> <span class='ocrx_word' id='word_1_205' title='bbox 2657 3166 2662 3172; x_wconf 88' lang='grc'><strong>.</strong></span> 
     </span>
     <span class='ocr_line' id='line_1_26' title="bbox 149 3212 2480 3331; baseline -0.003 -35"><span class='ocrx_word' id='word_1_206' title='bbox 149 3216 632 3331; x_wconf 69' lang='lat' dir='ltr'>providendis</span> <span class='ocrx_word' id='word_1_207' title='bbox 669 3218 1080 3327; x_wconf 69' lang='lat' dir='ltr'>pericula.-</span> <span class='ocrx_word' id='word_1_208' title='bbox 1160 3212 1371 3321; x_wconf 87' lang='lat' dir='ltr'>quod</span> <span class='ocrx_word' id='word_1_209' title='bbox 1432 3213 1790 3320; x_wconf 85' lang='lat' dir='ltr'>probavit</span> <span class='ocrx_word' id='word_1_210' title='bbox 1845 3236 2103 3294; x_wconf 87' lang='lat' dir='ltr'>morte</span> <span class='ocrx_word' id='word_1_211' title='bbox 2166 3236 2480 3327; x_wconf 86' lang='lat' dir='ltr'>quoque</span> 
     </span>
     <span class='ocr_line' id='line_1_27' title="bbox 167 3317 2480 3454; baseline -0.002 -46"><span class='ocrx_word' id='word_1_212' title='bbox 167 3326 409 3434; x_wconf 88' lang='lat' dir='ltr'>ipsa,</span> <span class='ocrx_word' id='word_1_213' title='bbox 474 3354 727 3454; x_wconf 79' lang='lat' dir='ltr'>quam</span> <span class='ocrx_word' id='word_1_214' title='bbox 751 3324 1357 3433; x_wconf 79' lang='lat' dir='ltr'>praestantiffimo</span> <span class='ocrx_word' id='word_1_215' title='bbox 1397 3323 1715 3431; x_wconf 89' lang='lat' dir='ltr'>suscepit</span> <span class='ocrx_word' id='word_1_216' title='bbox 1761 3328 2049 3407; x_wconf 80' lang='lat' dir='ltr'>animo,</span> <span class='ocrx_word' id='word_1_217' title='bbox 2145 3322 2383 3426; x_wconf 84' lang='lat' dir='ltr'>Qod</span> <span class='ocrx_word' id='word_1_218' title='bbox 2417 3317 2480 3403; x_wconf 85' lang='lat' dir='ltr'>fi</span> 
     </span>
     <span class='ocr_line' id='line_1_28' title="bbox 163 3435 2472 3544; baseline -0 -27"><span class='ocrx_word' id='word_1_219' title='bbox 163 3435 424 3517; x_wconf 81' lang='lat' dir='ltr'>de‘fuit</span> <span class='ocrx_word' id='word_1_220' title='bbox 451 3438 563 3518; x_wconf 88' lang='lat' dir='ltr'>his</span> <span class='ocrx_word' id='word_1_221' title='bbox 589 3442 769 3521; x_wconf 86' lang='lat' dir='ltr'>viris</span> <span class='ocrx_word' id='word_1_222' title='bbox 790 3438 1085 3521; x_wconf 88' lang='lat' dir='ltr'>summa</span> <span class='ocrx_word' id='word_1_223' title='bbox 1121 3444 1397 3527; x_wconf 86' lang='lat' dir='ltr'>virtus,</span> <span class='ocrx_word' id='word_1_224' title='bbox 1462 3436 1561 3516; x_wconf 84' lang='lat' dir='ltr'>fic</span> <span class='ocrx_word' id='word_1_225' title='bbox 1616 3436 2131 3544; x_wconf 67' lang='lat' dir='ltr'>quaerentibus</span> <span class='ocrx_word' id='word_1_226' title='bbox 2176 3463 2271 3516; x_wconf 86' lang='lat' dir='ltr'>an</span> <span class='ocrx_word' id='word_1_227' title='bbox 2308 3461 2472 3516; x_wconf 85' lang='lat' dir='ltr'>ora-</span> 
     </span>
     <span class='ocr_line' id='line_1_29' title="bbox 168 3543 2471 3658; baseline 0 -30"><span class='ocrx_word' id='word_1_228' title='bbox 168 3573 398 3628; x_wconf 86' lang='lat' dir='ltr'>tores</span> <span class='ocrx_word' id='word_1_229' title='bbox 437 3548 717 3630; x_wconf 89' lang='lat' dir='ltr'>fuerint</span> <span class='ocrx_word' id='word_1_230' title='bbox 742 3604 767 3640; x_wconf 86' lang='lat'>,</span> <span class='ocrx_word' id='word_1_231' title='bbox 833 3543 1393 3658; x_wconf 85' lang='lat' dir='ltr'>respondebo,</span> <span class='ocrx_word' id='word_1_232' title='bbox 1460 3547 1870 3656; x_wconf 88' lang='lat' dir='ltr'>quomodo</span> <span class='ocrx_word' id='word_1_233' title='bbox 1915 3550 2195 3634; x_wconf 84' lang='lat' dir='ltr'>Stoici,</span> <span class='ocrx_word' id='word_1_234' title='bbox 2260 3544 2313 3631; x_wconf 85' lang='lat' dir='ltr'>fi</span> <span class='ocrx_word' id='word_1_235' title='bbox 2358 3550 2471 3628; x_wconf 88' lang='lat' dir='ltr'>in-</span> 
     </span>
     <span class='ocr_line' id='line_1_30' title="bbox 167 3657 2469 3769; baseline -0.001 -28"><span class='ocrx_word' id='word_1_236' title='bbox 167 3682 682 3766; x_wconf 84' lang='lat' dir='ltr'>terrogentur</span> <span class='ocrx_word' id='word_1_237' title='bbox 711 3689 809 3743; x_wconf 86' lang='lat' dir='ltr'>an</span> <span class='ocrx_word' id='word_1_238' title='bbox 839 3662 1128 3769; x_wconf 85' lang='lat' dir='ltr'>sapiens</span> <span class='ocrx_word' id='word_1_239' title='bbox 1152 3668 1424 3750; x_wconf 87' lang='lat' dir='ltr'>Zeno,</span> <span class='ocrx_word' id='word_1_240' title='bbox 1484 3689 1578 3741; x_wconf 88' lang='lat' dir='ltr'>an</span> <span class='ocrx_word' id='word_1_241' title='bbox 1603 3659 2060 3749; x_wconf 85' lang='lat' dir='ltr'>Cleanthes</span> <span class='ocrx_word' id='word_1_242' title='bbox 2097 3687 2196 3739; x_wconf 87' lang='lat' dir='ltr'>an</span> <span class='ocrx_word' id='word_1_243' title='bbox 2213 3657 2469 3768; x_wconf 90' lang='lat' dir='ltr'>Chry-</span> 
     </span>
     <span class='ocr_line' id='line_1_31' title="bbox 159 3771 2507 3882; baseline -0.003 -23"><span class='ocrx_word' id='word_1_244' title='bbox 159 3771 491 3879; x_wconf 79' lang='lat' dir='ltr'>sippus,</span> <span class='ocrx_word' id='word_1_245' title='bbox 546 3772 1056 3882; x_wconf 86' lang='lat' dir='ltr'>respondeant</span> <span class='ocrx_word' id='word_1_246' title='bbox 1086 3799 1412 3881; x_wconf 82' lang='lat' dir='ltr'>magnos</span> <span class='ocrx_word' id='word_1_247' title='bbox 1439 3772 1759 3880; x_wconf 87' lang='lat' dir='ltr'>quidem</span> <span class='ocrx_word' id='word_1_248' title='bbox 1803 3772 1978 3855; x_wconf 86' lang='lat' dir='ltr'>illos</span> <span class='ocrx_word' id='word_1_249' title='bbox 2023 3800 2111 3853; x_wconf 89' lang='lat' dir='ltr'>ac</span> <span class='ocrx_word' id='word_1_250' title='bbox 2150 3797 2463 3855; x_wconf 84' lang='lat' dir='ltr'>venera·</span> <span class='ocrx_word' id='word_1_251' title='bbox 2500 3834 2507 3841; x_wconf 77' lang='lat'>.</span> 
     </span>
     <span class='ocr_line' id='line_1_32' title="bbox 153 3883 2471 3994; baseline -0.001 -30"><span class='ocrx_word' id='word_1_252' title='bbox 153 3884 427 3974; x_wconf 78' lang='lat' dir='ltr'>biles,</span> <span class='ocrx_word' id='word_1_253' title='bbox 466 3910 626 3970; x_wconf 86' lang='lat' dir='ltr'>non</span> <span class='ocrx_word' id='word_1_254' title='bbox 682 3910 944 3973; x_wconf 78' lang='lat' dir='ltr'>tamen</span> <span class='ocrx_word' id='word_1_255' title='bbox 985 3884 1067 3967; x_wconf 93' lang='lat' dir='ltr'>id</span> <span class='ocrx_word' id='word_1_256' title='bbox 1109 3883 1326 3994; x_wconf 87' lang='lat' dir='ltr'>quod</span> <span class='ocrx_word' id='word_1_257' title='bbox 1382 3908 1651 3973; x_wconf 78' lang='lat' dir='ltr'>natura</span> <span class='ocrx_word' id='word_1_258' title='bbox 1694 3885 2035 3971; x_wconf 79' lang='lat' dir='ltr'>hominis</span> <span class='ocrx_word' id='word_1_259' title='bbox 2074 3884 2471 3969; x_wconf 84' lang='lat' dir='ltr'>summum</span> 
     </span>
    </p>
   </div>
   <div class='ocr_carea' id='block_1_3' title="bbox 148 3994 2475 4209">
    <p class='ocr_par' dir='ltr' id='par_1_3' title="bbox 148 3994 2475 4209">
     <span class='ocr_line' id='line_1_33' title="bbox 148 3994 2471 4109; baseline -0.011 -16"><span class='ocrx_word' id='word_1_260' title='bbox 148 3996 420 4091; x_wconf 66' lang='lat' dir='ltr'>habet</span> <span class='ocrx_word' id='word_1_261' title='bbox 450 4051 489 4092; x_wconf 74' lang='lat' dir='ltr'>a</span> <span class='ocrx_word' id='word_1_262' title='bbox 543 3997 1060 4109; x_wconf 66' lang='lat' dir='ltr'>consecutos.</span> <span class='ocrx_word' id='word_1_263' title='bbox 1118 4005 1326 4081; x_wconf 88' lang='lat' dir='ltr'>Nam</span> <span class='ocrx_word' id='word_1_264' title='bbox 1367 3999 1446 4075; x_wconf 71' lang='grc' dir='ltr'>ὅ(</span> <span class='ocrx_word' id='word_1_265' title='bbox 1484 3996 2015 4104; x_wconf 82' lang='lat' dir='ltr'>Pythagoras,</span> <span class='ocrx_word' id='word_1_266' title='bbox 2081 4021 2245 4079; x_wconf 86' lang='lat' dir='ltr'>non</span> <span class='ocrx_word' id='word_1_267' title='bbox 2262 3994 2471 4108; x_wconf 81' lang='lat' dir='ltr'>spi-</span> 
     </span>
     <span class='ocr_line' id='line_1_34' title="bbox 1284 4112 2475 4209; baseline -0.008 -11"><span class='ocrx_word' id='word_1_268' title='bbox 1284 4112 1356 4198; x_wconf 84' lang='lat' dir='ltr'>U</span> <span class='ocrx_word' id='word_1_269' title='bbox 1374 4132 1425 4194; x_wconf 96' lang='grc' dir='ltr'>ιι</span> <span class='ocrx_word' id='word_1_270' title='bbox 1441 4132 1492 4191; x_wconf 87' lang='grc' dir='ltr'>ιι</span> <span class='ocrx_word' id='word_1_271' title='bbox 1507 4132 1560 4194; x_wconf 89' lang='grc' dir='ltr'>ιι</span> <span class='ocrx_word' id='word_1_272' title='bbox 1616 4131 1655 4209; x_wconf 84' lang='grc'><strong><em>3</em></strong></span> <span class='ocrx_word' id='word_1_273' title='bbox 2243 4125 2475 4190; x_wconf 70' lang='lat' dir='ltr'>entem</span> 
     </span>
    </p>
   </div>
  </div>
 </body>
</html>
