3557 5113
278 253 517 416 De
559 244 1006 458 Instit.
1050 247 1765 453 oratoria,
1799 245 2095 407 Lib.
2128 248 2225 407 I.
2463 192 2470 201 ’
2599 279 2722 389 51

164 580 278 667 ula
309 607 622 692 quoque
673 578 963 664 servata
1006 583 1125 665 est'
1171 611 1214 663 a
1264 585 1529 669 multis
1584 584 2016 683 differentia
2045 642 2067 677 ‚
2138 610 2228 667 ut
2259 576 2394 669 sad
2415 645 2437 673 ,
2470 594 2656 675 CA».
2695 599 2861 681 Vn.

163 723 314 777 cum
372 695 552 775 esset
598 695 1043 803 praepofitio
1077 753 1101 790 ,
1160 696 1223 776 d
1271 696 1578 778 literam
1618 688 1659 779 ε’
1699 728 1885 782 cum
1940 721 2200 779 autem
2254 727 2440 781 con-

163 810 459 910 junffio,
508 834 547 889 t
596 812 997 916 acciperet.
1125 811 1325 889 Item
1371 841 1569 900 cum,
1611 811 1667 893 fi
1719 835 2028 919 tempus
2070 810 2439 918 fignifica„

162 943 310 1007 ret,
367 949 514 1029 per
562 950 836 1031 q‚u,0:
897 920 955 1001 si
998 925 1377 1002 comitem
1418 953 1561 1032 per
1597 956 1681 1006 c.-
1714 923 1799 1005 *fi
1837 952 2026 1009 vero
2077 924 2377 1004 causam
2412 981 2436 1017 ,
2541 937 2547 943 “

165 1062 278 1138 per
337 1066 426 1147 q,
493 1061 584 1113 ac
654 1033 838 1114 duas
888 1064 941 1115 n
987 1034 1381 1142 sequentes
1442 1035 1917 1118 scriberetur.
2016 1035 2434 1143 Frigidiora

164 1145 258 1226 his
301 1149 473 1237 alia,
544 1167 630 1225 ut
700 1144 1052 1258 quicquid
1083 1178 1121 1227 c
1160 1169 1515 1255 quartam
1550 1148 1863 1230 haberet
1888 1208 1908 1241 ,
1967 1176 2063 1227 ne
2110 1152 2431 1229 interro·
2525 1174 2533 1202 ²

162 1285 308 1365 gare
366 1260 477 1340 bis
544 1256 1012 1342 videremur.
1156 1264 1249 1338 Et
1310 1260 1629 1371 quotidie
1663 1316 1686 1352 ,
1751 1290 1913 1343 non
1975 1262 2230 1341 cotidie
2264 1318 2287 1352 ,
2344 1283 2432 1343 ut

164 1369 257 1462 fit,
323 1393 503 1480 quot
569 1370 863 1453 diebus.
1015 1376 1317 1453 Verum
1368 1371 1529 1452 haec
1584 1376 1740 1475 jam
1803 1379 2006 1454 inter
2053 1372 2241 1478 ipsas
2317 1376 2428 1452 in-

162 1488 380 1588 eptias
423 1506 913 1566 evanuerunt.
994 1484 1255 1588 Quaeri
1313 1481 1505 1563 solet
1546 1492 1627 1563 in
1684 1482 2087 1566 scribendo
2127 1510 2429 1591 praepo-

166 1593 478 1687 sitiones,
534 1596 820 1678 sonum
874 1622 1112 1704 quem
1147 1596 1421 1696 junftae
1460 1595 1812 1679 efficiunt
1835 1654 1856 1688 ‚
1911 1626 2009 1677 an
2047 1622 2285 1706 quem
2324 1593 2426 1674 se.

164 1730 436 1815 param,
495 1708 904 1791 observare
945 1711 1396 1802 conveniat5
1464 1731 1547 1787 ut
1589 1737 1771 1813 curn
1814 1709 1991 1790 dico
2014 1765 2035 1798 ,
2092 1714 2419 1820 optinuit.

167 1818 521 1902 fecundam
576 1827 800 1903 enim
853 1819 897 1900 b
937 1818 1241 1900 literam
1296 1822 1492 1899 ratio
1541 1822 1788 1927 poscit
1814 1879 1837 1913 ,
1903 1849 2120 1902 aures
2175 1826 2423 1928 magis

172 1931 431 2012 audiunt
465 1960 541 2047 p.
654 1939 749 2014 Et
796 1936 1109 2016 inmunis·
1128 1989 1151 2025 ,
1217 1929 1412 2014 illud
1467 1963 1520 2013 n
1562 1989 1585 2025 ,
1650 1934 1868 2042 quod
1921 1937 2198 2015 veritas
2265 1935 2421 2013 cxi:-

167 2047 285 2148 git,
317 2044 689 2154 sequentis
738 2044 1039 2153 syllaba:
1089 2044 1281 2126 sono
1340 2045 1632 2125 vistum
1652 2102 1673 2138 ,
1738 2079 1814 2127 m
1854 2052 2166 2153 gemina
2201 2072 2419 2125 com-

163 2180 477 2238 mutatur.
567 2159 703 2239 Est
747 2164 826 2241 &
871 2161 954 2238 in
984 2155 1418 2241 dividendis
1460 2157 1709 2239 verbis
1752 2158 2210 2248 observatio,
2253 2185 2420 2236 me-

159 2265 343 2347 diam
400 2271 699 2351 literam
746 2270 1299 2352 consonantem
1345 2272 1591 2378 priori
1639 2300 1737 2353 an
1791 2272 2148 2379 sequenti-
2198 2269 2421 2378 sylla-

159 2379 266 2460 bae
298 2380 649 2488 adjungas.
748 2389 1059 2497 Arqspex
1111 2386 1369 2489 enim‘,
1412 2387 1592 2493 quia
1625 2412 1799 2491 pars
1835 2388 1992 2485 ejus
2034 2380 2420 2493 posterior

160 2518 200 2570 a
217 2496 562 2605 specJaendo
615 2494 730 2577 est
761 2553 783 2589 ‚
819 2498 909 2604 s
957 2496 1264 2578 literam
1326 2498 1572 2600 t'ertiae
1653 2494 1915 2578 dabit:
2011 2495 2417 2603 abstemius.

158 2610 307 2711 quia
336 2634 423 2687 ex
467 2610 925 2690 abstinentia
981 2612 1261 2691 temeti'
1291 2608 1722 2718 composita
1757 2638 1916 2692 vox
1958 2609 2106 2701 est,
2143 2611 2417 2716 primae

164 2718 596 2829 relinquetur.
711 2729 918 2802 Nam
969 2738 1041 2802 K
1082 2721 1402 2831 quidem
1474 2725 1556 2802 in
1604 2722 1839 2804 nullis
1894 2724 2147 2805 verbis
2199 2743 2415 2804 uten-

170 2826 317 2909 dum
350 2858 570 2942 pum,
641 2833 801 2915 nifi
849 2861 1018 2943 quae
1066 2831 1479 2942 significat,
1535 2838 1773 2915 etiam
1811 2858 1895 2928 ut
1958 2834 2117 2916 sola
2173 2862 2418 2943 pona-

165 2963 274 3021 tur.
350 2951 513 3028 Hoe
561 2977 677 3029 eo
712 2974 882 3028 non
916 2947 1179 3039 omifi,
1243 2946 1461 3055 quod
1513 2948 1832 3056 quidam
1881 2957 2064 3046 ,eam
2109 2933 2417 3056 quoties

155 3083 194 3130 a
250 3054 568 3165 sequatur
630 3058 1132 3141 necessariam
1187 3057 1514 3141 credunt
1561 3093 1579 3140 :
1654 3073 1840 3142 cum
1877 3061 1987 3142 'fit
2051 3095 2095 3156 ¹c
2143 3061 2412 3151 litera,

152 3192 296 3271 quae
336 3171 418 3252 ad
459 3201 753 3254 omnes
809 3171 1112 3256 vocales
1174 3175 1339 3254 vim
1394 3171 1605 3251 suam
1665 3175 2020 3280 perferat.
2108 3179 2415 3254 Verum

150 3281 680 3392 orthographia
758 3312 1075 3395 quoque
1139 3283 1675 3365 consuetudini
1730 3282 1960 3366 servit
1999 3337 2022 3374 ‚
2078 3282 2414 3392 ideoque

157 3389 297 3497 saepe
331 3420 630 3478 mutata
671 3397 809 3477 est.
906 3397 1127 3477 Nam'
1170 3397 1298 3490 illa
1342 3393 1839 3479 vetustissima
1890 3394 2198 3477 transeo
2222 3419 2413 3479 tem-

159 3529 346 3604 pom,
404 3511 689 3618 quibus
755 3515 836 3591 δ(
904 3513 1301 3615 pauciores
1372 3509 1612 3591 literae
1646 3567 1669 3601 ‚
1738 3539 1881 3592 nec
1943 3508 2224 3591 similes
2293 3509 2412 3589 his

159 3616 367 3700 nostris
413 3651 693 3704 earum
742 3622 1020 3703 forma>
1057 3622 1364 3704 fuerunt
1397 3681 1418 3715 ,
1486 3629 1563 3703 ὅ(
1624 3626 1737 3705 vis
1793 3651 2106 3731 quoque
2163 3623 2409 3702 diver-
2515 3629 2520 3634 ’

162 3721 253 3801 fi:
311 3731 459 3814 ficut
510 3733 744 3844 apud
818 3740 1132 3815 Graecos
1188 3769 1227 3817 o
1288 3735 1530 3816 literae
1565 3792 1587 3826 ‚
1652 3763 1824 3845 quae
1881 3740 2196 3828 interim
2245 3735 2409 3814 lon-

143 3860 230 3943 32
270 3866 343 3920 ac
374 3844 650 3940 brevis,
732 3870 822 3930 ut
865 3847 1069 3953 apud
1105 3877 1279 3929 nos:
1346 3845 1661 3950 interim
1692 3848 2158 3957 prosyllaba
2175 3875 2414 3958 quarn

138 3956 404 4039 nomine
435 3962 580 4042 suo
632 3964 1072 4069 exprimit,
1137 3956 1379 4069 pofita
1425 3961 1533 4043 est
1566 3993 1585 4042 ε
1614 3965 1619 3972 ’
1650 3967 1759 4042 ut¹
1791 3964 2088 4060 Latinis
2129 3963 2415 4054 aveteri-

130 4059 240 4149 bus
291 4071 349 4152 d
388 4075 785 4185 plurimis
843 4076 931 4154 in
981 4074 1230 4158 verbis
1280 4073 1645 4158 ultimam
1702 4071 2140 4181 adjee’tam:
2194 4067 2417 4184 quod

1285 4189 1362 4269 G
1435 4211 1471 4282 3
2251 4206 2416 4270 ma·-
