3557 5113
279 209 500 373 De
531 188 975 412 Instit.
1047 127 1754 379 Οναίώὶιι,
1793 200 2086 363 Lib.
2133 205 2371 364 III.
2597 241 2809 351 197

212 565 332 647 que
360 537 707 650 primum
739 533 1196 627 dicendum,
1238 541 1345 617 ita
1390 541 1738 643 primum
1781 539 2284 645 cogitandum
2323 540 2470 621 est:
2504 544 2693 620 cix».
2714 535 2852 616 IX.

218 650 319 730 sed
355 672 517 728 ante
564 652 833 728 omnia
886 653 1172 741 intueri
1226 672 1574 756 oportet,
1633 651 1850 757 quod
1894 652 1986 752 fit
2026 681 2267 758 genus
2305 681 2480 733 cau·
2911 661 2918 666 ”

217 762 317 852 (ir,
364 759 546 869 quid
596 766 678 840 in
732 789 821 840 ea
873 785 1317 869 quaeratur,
1377 790 1547 869 quae
1603 762 1950 869 profint,
2017 793 2188 871 quae
2247 792 2474 846 noce-

214 897 345 953 ant:
403 872 685 953 deinde
723 873 913 980 quid
949 870 1573 953 confirmandum
1614 873 1743 957 fit,
1798 904 1883 954 ac
1924 876 2474 957 refellendun:

216 1010 353 1065 tum
382 983 792 1092 quomodo
831 983 1320 1064 narrandum.
1415 985 1812 1091 Expositio
1854 992 2069 1066 enim
2137 990 2486 1113 probati-

223 1125 418 1179 onum
469 1097 583 1176 est
631 1100 1126 1202 praeparatio:
1224 1123 1367 1175 nec
1401 1097 1542 1176 effe
1583 1098 1789 1177 utilis
1818 1100 2104 1203 potest,
2154 1098 2290 1177 nisi
2328 1103 2485 1207 pri-

223 1237 289 1288 us
332 1209 757 1288 constiterit
806 1207 992 1316 quid
1030 1207 1305 1288 debeat
1339 1207 1437 1286 de
1491 1211 1949 1314 probatione
1992 1215 2482 1316 promittere.

216 1321 568 1402 Postremo
608 1318 1063 1399 intuendum
1101 1317 1773 1426 quemadmodum
1818 1318 2044 1420 judex
2092 1321 2180 1399 fit
2222 1326 2483 1401 conci-

220 1432 484 1512 handus.
609 1437 890 1539 Neque
937 1435 1148 1511 enim
1192 1430 1331 1510 nisi
1385 1435 1566 1510 totis
1621 1432 1855 1513 causae
1905 1434 2247 1537 partibus
2307 1433 2482 1512 dili-

218 1569 442 1670 genter
488 1543 896 1649 inspeetis,
959 1543 1146 1622 scire
1184 1542 1576 1649 pbsshmus
1608 1545 1919 1651 qualem
1956 1543 2179 1624 nobis
2230 1545 2483 1625 facere

216 1661 521 1736 animum
573 1654 1108 1761 cognoscentis
1147 1651 1557 1760 expediat,
1618 1656 1971 1739 severum
2022 1684 2119 1735 an
2163 1660 2483 1748 mitem,

217 1773 658 1848 concitatum
704 1795 801 1847 an
853 1766 1285 1858 remiffum,
1348 1766 1753 1849 adversum
1797 1770 2060 1873 gratia:
2101 1796 2197 1846 an
2234 1768 2485 1847 obno-

217 1884 415 1961 xium.
502 1888 790 1988 Neque
834 1878 1014 1959 ideo
1061 1901 1319 1959 tamen
1354 1908 1486 1959 eos
1525 1881 2067 1987 probaverim,
2135 1883 2267 1986 qui
2307 1878 2485 1960 scri-

215 1992 511 2073 bendum
569 2018 892 2100 quoque
939 1994 1420 2096 prooemium
1473 1989 1884 2073 novissime
1935 2014 2227 2096 putant.
2276 1997 2486 2070 Nam

217 2127 283 2185 ut
320 2106 651 2185 conferri
701 2107 1107 2183 materiam
1168 2131 1494 2182 omnem
1528 2125 1879 2208 oportet,
1937 2110 2014 2183 ὃ(
2049 2104 2239 2210 quid
2292 2127 2488 2208 quo-

220 2242 340 2326 que
389 2218 562 2298 Ioco
617 2215 711 2295 sit
753 2243 1001 2322 opus,
1047 2216 1394 2296 constare
1448 2215 1720 2306 debet,
1766 2238 2183 2323 antequam
2225 2215 2483 2293 dicere

221 2352 325 2409 aut
367 2330 686 2411 scribere
746 2326 1198 2421 ordiamur3
1275 2332 1381 2408 ita
1434 2327 1966 2433 incipiendum
2021 2328 2115 2407 ab
2175 2330 2263 2404 iis
2322 2352 2497 2433 quae

224 2443 429 2546 prima
482 2440 685 2522 sunt.
754 2446 965 2519 Nam
1013 2467 1156 2518 nec
1193 2442 1512 2546 pingere
1558 2439 1961 2547 quisquam
2019 2460 2141 2517 aut
2193 2436 2489 2542 fingere

230 2555 426 2659 coepit
450 2582 488 2633 a
522 2550 893 2662 pedibus:
987 2580 1130 2631 nec
1180 2550 1515 2659 denique
1555 2581 1672 2633 ars
1709 2550 1863 2631 ulla
1906 2550 2485 2641 consummatur

219 2661 305 2744 ibi
340 2665 525 2747 unde
560 2663 1041 2747 ordiendum
1091 2664 1219 2743 est.
1316 2663 1530 2769 Qid
1582 2665 1722 2743 fiet
1774 2664 2109 2770 alioqui,
2158 2663 2214 2742 si
2263 2660 2486 2768 spati-

225 2803 333 2855 um
375 2775 904 2888 componendi
941 2781 1378 2856 orationem
1438 2776 1637 2882 stylo
1670 2804 1829 2855 non
1875 2775 2154 2854 fuerit?
2220 2801 2485 2854 nonne

226 2914 337 2967 nos
386 2892 537 2972 haec
607 2887 911 2970 inversa
973 2888 1444 2984 consuetudo
1507 2887 1944 2995 deceperit?
2009 2880 2481 2991 Inspicienda

227 3000 415 3105 igitur
448 3005 783 3085 materia
828 3000 974 3092 est,
1008 3028 1167 3110 quo
1200 3005 1685 3132 pra-cipimus
1745 2997 2060 3078 ordine:
2158 2998 2525 3079 [πώεα--Υ

233 3109 315 3189 da
332 3168 355 3203 ‚
375 3141 510 3223 quo
553 3116 916 3241 dicimus,

404 3370 1043 3453 CAETERUM
1104 3367 1323 3450 causa
1367 3371 1667 3457 omnis,
1717 3367 1799 3446 in
1834 3390 1984 3494 qua
2038 3392 2212 3497 pars
2258 3362 2496 3445 altera
2523 3390 2590 3469 C
2611 3390 2742 3476 Α1,;
2786 3380 2901 3485 Χ

242 3487 473 3581 agentis
526 3483 691 3573 est,
750 3482 991 3571 altera
1030 3482 1470 3571 recusanti5‚
1534 3503 1664 3560 aut
1728 3484 1948 3560 unius
2014 3486 2124 3558 rei
2181 3498 2500 3558 contro-

245 3589 421 3673 versia
474 3590 825 3685 constat,
878 3617 1009 3674 aut
1060 3595 1422 3701 plurium.
1601 3591 1736 3670 Illa
1790 3591 2116 3699 simplex
2165 3590 2497 3681 dicitur,

242 3696 369 3801 hinc
398 3708 823 3810 conjunCta.
917 3712 1092 3788 Una
1132 3702 1650 3801 controversia
1693 3704 1805 3784 est
1836 3734 1976 3812 per
2011 3704 2084 3784 se
2126 3706 2335 3794 furti,
2358 3728 2500 3809 per

233 3806 305 3889 fi
335 3816 691 3902 adulterii.
807 3816 1102 3911 Plures,
1167 3841 1298 3899 aut
1355 3815 1699 3922 ejusdem
1752 3821 2107 3924 generis,-
2133 3839 2219 3897 ut
2263 3821 2341 3897 in
2366 3841 2500 3920 pe-

222 3933 429 4012 cuniis
464 3928 993 4040 repetundis:
1082 3950 1211 4013 aut
1273 3928 1639 4021 diversi,
1664 3952 1749 4011 ut
1803 3929 1862 4011 fi
1908 3934 2077 4040 quis
2130 3927 2499 4030 Iacrilegii

1432 4049 1498 4126 B
1520 4043 1569 4124 b
1629 4069 1662 4141 3
2268 4035 2501 4120 simul
