3557 5113
806 262 977 377 20
1062 378 1103 382 *-
1234 234 1423 393 Μ.
1508 232 1946 393 ’ῬΑΒιίιι
2083 235 3243 398 -ῳζιζμςστιιηκι

669 551 738 636 (3
761 571 800 623 Α
830 578 892 632 Ρ,
946 550 1059 629 ΠΙ,
1093 519 1642 629 genii-{ignum
1676 520 1757 599 in
1796 520 2049 629 parvis
2093 519 2613 626 praecipuum,
2650 515 3034 597 memoria
3075 513 3203 595 est.
3298 521 3393 594 E-
3511 596 3516 605 ,

1089 635 1206 734 jus
1293 630 1585 739 duplex
1670 640 1912 712 virtus
1957 685 1979 719 ‚
2059 630 2279 712 facile
2353 634 2749 739 percipere
2791 682 2815 718 ‚
2880 632 2961 710 ὅ(
3054 623 3394 707 fideliter

1090 746 1509 824 continere.
1641 746 2096 822 Proximum
2127 799 2148 832 ‚
2226 746 2616 825 imitatio:
2685 765 2867 820 nam
2927 737 3008 820 id
3075 767 3393 848 quoque

1089 856 1198 941 est
1258 854 1531 937 docilis
1590 879 1928 951 naturaez
2030 854 2127 933 sic
2192 879 2454 934 tamen
2494 911 2515 944 ‚
2583 876 2667 934 ut
2739 880 2826 930 ea
2889 878 3059 961 quae
3145 851 3392 942 discit,

1085 968 1424 1075 effingat.
1542 995 1706 1047 non
1785 967 2136 1047 habitum
2214 968 2417 1046 forte
2476 973 2551 1047 ὃ(
2640 964 3103 1070 ingressiim,
3180 972 3260 1046 ὅ(
3339 965 3392 1043 si

1084 1080 1275 1187 quid
1330 1084 1411 1160 in
1470 1083 1685 1187 pejus
1736 1079 2087 1159 notabile
2139 1078 2269 1158 est.
2400 1085 2590 1157 Non
2641 1075 2849 1156 dabit
2911 1076 3108 1155 mihi
3174 1077 3392 1184 spem

1083 1191 1305 1274 bonae
1368 1192 1648 1272 indolis
1672 1249 1694 1281 ‚
1770 1196 1904 1299 qui
1972 1192 2121 1270 hoc
2187 1189 2541 1270 imitandi
2608 1186 2861 1269 studio
2943 1211 3156 1295 petet
3195 1247 3215 1280 ‚
3308 1212 3396 1268 ut

1083 1302 1441 1386 rideatur.
1588 1311 1797 1382 Nam
1879 1304 2162 1408 probus
2247 1331 2559 1413 quoque
2632 1305 2983 1410 inprimis
3045 1307 3189 1381 erit
3259 1301 3396 1380 ille

1083 1443 1265 1495 vere
1317 1416 1811 1523 ingeniosus:
1908 1416 2198 1522 alioqui
2253 1443 2421 1494 non
2479 1418 2692 1520 pejus
2767 1411 3129 1493 duxerim
3190 1414 3396 1493 tardi

1084 1526 1228 1606 effe
1294 1531 1641 1635 ingenii,
1739 1521 1974 1635 qu‘am
2041 1527 2246 1604 mali.
2381 1527 2665 1606 Probus
2735 1551 2994 1605 autem
3076 1529 3167 1605 ab
3247 1528 3398 1606 illo

1082 1639 1289 1745 segni
1349 1647 1433 1720 &-
1487 1644 1782 1740 jacente
1841 1637 2270 1743 plurimum
2326 1640 2587 1719 aberit.
2680 1642 2828 1717 Hic
2896 1667 3112 1718 meus
3154 1696 3175 1729 ‚
3215 1668 3400 1747 qua:

1086 1751 1521 1840 tradentur,
1588 1778 1750 1831 non
1813 1748 2234 1829 difficulter
2290 1753 2653 1856 accipiet:
2742 1750 3095 1858 quaedarn
3150 1757 3397 1831 etiam

1081 1863 1640 1968 interrogabit:
1736 1862 2092 1968 sequetur
2141 1883 2400 1940 tamen
2463 1866 2708 1968 magis
2767 1890 3003 1971 quam
3058 1891 3400 1968 praecur-

1079 1999 1219 2053 ret.
1339 1973 1534 2055 Illud
1608 1971 2186 2080 ingeniosorum
2244 1973 2458 2053 velut
2532 2003 2838 2080 praecox
2902 2001 3184 2081 genus,
3222 2005 3397 2057 non

1083 2112 1376 2168 temere
1436 2114 1781 2192 unquam
1854 2089 2207 2191 pervenit
2271 2084 2366 2164 ad
2431 2086 2756 2193 frugem.
2853 2091 2964 2165 Hi
3019 2085 3187 2167 sunt
3252 2096 3404 2198 qui·

1082 2228 1320 2305 parva
1378 2198 1597 2278 facile
1661 2199 1992 2291 faciunt:
2090 2203 2167 2279 ὃ(
2222 2196 2533 2277 audacia
2569 2200 2955 2304 promiti,
3016 2203 3400 2308 quicquid

1084 2310 1240 2390 illic
1295 2309 1647 2417 possunt,
1733 2310 1989 2387 statim
2056 2310 2491 2389 ostendunt.
2587 2309 2890 2390 Possunt
2969 2334 3232 2391 autem
3311 2315 3404 2395 id

1082 2419 1451 2514 demum,
1516 2420 1731 2531 quod
1787 2424 1868 2500 in
1914 2425 2286 2527 proximo
2331 2420 2477 2502 est:
2573 2424 2807 2504 verba
2863 2428 3330 2505 continuant
3380 2463 3400 2521 ς

1082 2537 1244 2617 haec
1302 2536 1526 2619 vultu
1591 2536 1947 2629 interrito
2026 2532 2238 2612 nulla
2320 2531 2593 2613 tardati
2667 2534 3128 2616 verecundia
3203 2567 3404 2645 pro-

1081 2648 1399 2728 ferunt:
1497 2676 1660 2727 non
1714 2645 2055 2754 muitum
2097 2645 2452 2753 praestant
2479 2702 2500 2736 ,
2558 2645 2686 2726 sed
2743 2651 2922 2728 cito,
3022 2678 3183 2728 non
3221 2652 3402 2731 sub-

1082 2757 1193 2868 est
1252 2788 1439 2842 vera
1509 2765 1622 2838 vis
1658 2813 1680 2846 ‚
1774 2786 1917 2838 nec
1992 2760 2295 2865 penitus
2352 2756 2704 2840 immissis
2767 2759 3140 2841 radicibus
3205 2769 3404 2843 niti-

1088 2895 1253 2980 tur:
1349 2895 1433 2953 ut
1497 2898 1667 2979 quae
1721 2867 2030 2949 summo
2081 2869 2244 2949 solo
2299 2869 2541 2976 sparsa
2605 2870 2771 2953 sunt
2827 2872 3114 2953 semina
3153 2930 3174 2963 ‚
3267 2905 3403 2956 ce-

1082 2984 1313 3063 lerius
1367 2983 1438 3064 se
1500 2980 1970 3088 effundunt3
2065 2987 2144 3064 δ(
2198 2986 2515 3064 imitatae
2572 2982 2804 3090 spicas
2866 2985 3228 3074 herbulae,
3278 2992 3404 3068 in-

1080 3096 1343 3176 anibus
1397 3095 1634 3175 aristis
1682 3117 1874 3202 ,ante
1933 3094 2250 3174 messem
2306 3094 2740 3178 flavescunt.
2853 3099 3157 3178 Placent
3217 3101 3404 3183 haec

1080 3212 1295 3289 annis
1339 3229 1786 3314 comparata
1826 3264 1847 3298 ,
1898 3205 2177 3287 deinde
2247 3207 2387 3288 stat
2456 3209 2844 3316 profestus
2881 3265 2903 3301 ,
2969 3209 3407 3294 admiratio

1080 3320 1465 3401 decrescit.
1582 3324 1768 3400 Haec
1825 3345 2007 3398 cum
2044 3319 2674 3402 animadverterit
2706 3379 2728 3412 ‚
2799 3323 3203 3429 prospiciat
3246 3323 3412 3405 de-

1079 3437 1339 3540 inceps
1398 3459 1743 3538 quonam
1802 3428 2049 3510 modo
2140 3431 2570 3513 tractandus
2645 3433 2736 3513 fit
2805 3433 3156 3516 discentis
3217 3444 3412 3518 ani-

1077 3557 1271 3624 mus.
1370 3548 1556 3623 Sunt
1614 3540 1934 3650 quidam
1972 3597 1993 3631 ‚
2063 3542 2200 3623 nisi
2265 3544 2621 3625 institeris
2663 3604 2684 3639 ,
2774 3546 3115 3628 remissi:
3210 3558 3414 3658 qui-

1073 3654 1256 3735 dam
1319 3656 1643 3762 imperia
1720 3653 2276 3760 indignantur:
2374 3657 2752 3766 quosdam
2812 3665 3160 3743 continet
3213 3692 3416 3746 me-

1072 3790 1192 3847 tus
1233 3826 1255 3859 ‚
1350 3764 1723 3877 quosdam
1792 3765 2196 3847 debilitat:
2295 3769 2483 3850 alios
2559 3777 3042 3855 continuatio
3103 3799 3417 3860 extun-

1014 3939 1017 3942 -
1070 3877 1250 3975 dit,
1353 3884 1434 3992 in
1503 3879 1666 3958 aliis
1730 3879 1903 3986 plus
1987 3882 2322 3985 impetus
2377 3882 2576 3965 facit.
2704 3888 2902 3967 Mihi
2957 3887 3089 3969 ifle
3141 3887 3419 3975 detur

1073 4013 1308 4102 puer,
1376 4015 1627 4102 ‘quem
1676 3991 1840 4074 laus
1892 3995 2178 4075 excitet
2217 4050 2241 4086 ,
2315 4021 2555 4104 quem
2601 3999 2852 4107 gloria
2912 4005 3170 4105 juvet,
3243 4015 3428 4097 Qui·
3527 4059 3529 4076 2

3133 4119 3426 4203 vietus
