3557 5113
802 218 1057 354 μω

739 514 1074 644 ςΑι.ΧῘ.

1290 241 1369 336 5..
1426 200 2087 364 ·M.··F*·A131.1
2236 206 3162 343 Q1NCT1L1AN1

1160 525 1301 607 pra
1337 497 1529 600 dixi)
1575 501 2143 605 Hermagoram
2205 496 2315 577 est
2373 497 2709 579 secutus:
2801 500 2881 576 in
2927 497 3180 600 *topicis
3216 549 3236 583 ,
3283 521 3358 574 ex

1164 610 1363 692 statu
1417 609 1769 694 effestarn
1827 612 2415 690 contentionem
2469 616 2810 719 κρινόμενον
2846 606 3205 687 existimat.
3270 603 3361 683 ld-

1138 733 1311 835 ·que
1370 721 1741 814 Trebatio
1778 778 1804 812 ‚
1883 726 2018 831 qui
2075 724 2260 825 juris
2311 745 2477 802 erat
2530 719 2909 801 consultus
2946 775 2968 810 ‚
3043 714 3360 805 alludens,

1139 866 1305 950 qua
1363 837 1451 916 de
1501 867 1577 916 re
1632 845 1879 947 agitur
1933 833 2323 941 appellat:
2442 835 2715 942 quibus
2779 831 2856 911 id
2918 834 3359 916 contineatur,

1158 953 1674 1030 continentia:
1777 946 1988 1056 quasi
2035 945 2529 1027 firmamenta
2593 941 3035 1025 defensionis
3073 1000 3093 1033 ‚
3149 938 3363 1048 quibus

1136 1060 1469 1141 ‘sublatis
1527 1057 1869 1141 defensio
1911 1058 2122 1139 nulla
2157 1057 2268 1138 fit.
2382 1064 2493 1138 At
2530 1060 2611 1137 in
2669 1055 3174 1163 partitionibus
3233 1078 3362 1130 ora-

1158 1175 1375 1252 toriis
1404 1227 1429 1262 ,
1510 1172 2098 1251 firmamentum
2139 1225 2161 1260 ‚
2235 1168 2451 1278 quod
2505 1162 3364 1277 opponitur-defensioni:

1092 1329 1097 1336 ·
1153 1287 1330 1392 quia
1362 1288 1792 1395 ‘continens
1844 1279 2060 1392 quod
2118 1309 2466 1388 primum
2504 1278 2644 1372 sit,
2711 1282 2803 1360 ab
2843 1277 3236 1360 accusatore
3279 1270 3364 1352 di-

1132 1415 1413 1476 ·catur:
1490 1400 1734 1486 ratio,
1777 1422 1821 1474 a
1851 1421 2027 1486 reo:
2096 1420 2193 1474 ex
2241 1396 2559 1482 rationis
2594 1398 2673 1473 δε
2708 1392 3158 1474 firmamenti
3212 1412 3364 1493 quae-

1148 1506 1394 1587 stione
1437 1562 1459 1598 ,
1517 1506 1970 1613 disceptatio
2039 1503 2130 1586 fit
2194 1504 2772 1606 judicationum.
2881 1506 3141 1586 Verius
3187 1500 3367 1604 igitur

1152 1624 1232 1710 δ(
1278 1621 1631 1714 brenam,
1697 1621 1829 1725 qui
1865 1609 2148 1697 statum
2200 1623 2279 1698 ὅ(
2315 1619 2738 1702 ,continens
2779 1622 2857 1698 &
2896 1613 3369 1719 judicationem

1148 1727 1359 1808 idem
1410 1728 1552 1810 esse
1594 1729 2076 1812 voluerunt:¹
2122 1732 2527 1808 continens
2581 1752 2847 1809 autem
2904 1725 2990 1809 id
3039 1722 3207 1813 effe,
3252 1742 3373 1826 quo

1146 1839 1443 1919 sublato
1496 1841 1587 1921 lis
1633 1839 1777 1920 effe
1817 1867 1980 1919 non
2012 1838 2266 1945 poffit.
2323 1845 2499 1920 Hoc
2527 1841 2725 1920 mihi
2761 1837 3113 1923 videntur
3143 1856 3369 1915 utram·

1153 1978 1304 2057 que
1369 1953 1671 2036 causam
1721 1952 2151 2057 complexi,
2257 1957 2335 2033 ὅ(
2391 1953 2588 2064 quod
2659 1954 2919 2059 orestes
2971 1974 3280 2032 matrem,
3315 1947 3375 2021 &

1152 2063 1349 2174 quod
1387 2064 1865 2178 clytemnestra
1903 2078 2486 2174 Agamemnonem
2503 2065 2873 2158 occiderit.
2969 2061 3194 2142 Iidem
3226 2050 3374 2161 ,iudi-
3451 2125 3452 2132 κ

1156 2179 1547 2254 cationem
1581 2182 1669 2259 δε
1716 2175 1998 2256 statum
2057 2176 2488 2256 consentire
2532 2176 2849 2284 semper
2897 2175 3371 2256 existimarunt.

1152 2291 1322 2365 Nec
1388 2292 1599 2369 enim
1664 2284 1872 2366 aliud
1949 2315 2228 2368 eorum
2310 2293 2592 2369 rationi
2646 2291 3112 2373 conveniens
3165 2274 3373 2362 fuiss'et.

1156 2404 1459 2479 Verum
1494 2400 1676 2484 haec
1707 2397 2053 2480 affectata
2087 2397 2467 2502 qubtilitas
2491 2456 2516 2493 ‚
2582 2402 2789 2489 circa
2830 2400 3142 2483 nomina
3171 2413 3378 2473 rerum

1151 2510 1555 2595 ambitiose
1624 2509 1965 2606 laboret3
2030 2538 2072 2591 a
2124 2511 2346 2592 nobis
2395 2514 2480 2593 in
2539 2513 2693 2594 hoc
2783 2511 3108 2615 assumta,
3143 2505 3378 2587 solum.

1155 2650 1256 2701 ne
1293 2650 1570 2728 parum
1604 2621 2016 2729 diligenter
2050 2622 2427 2732 inquislsse
2467 2623 2562 2705 de
2597 2618 2846 2732 opere'
2882 2622 3092 2735 quod
3122 2605 3379 2727 aggreffi

1153 2732 1405 2841 sumus
1429 2791 1451 2821 ,
1516 2733 1978 2815 videremur.
2055 2735 2487 2844 Simplicius
2525 2758 2783 2827 autem
2831 2734 3233 2818 instituenti
3261 2749 3379 2806 non

1160 2845 1270 2926 est
1319 2845 1610 2926 necesse
1649 2874 1791 2953 per
1830 2867 1990 2925 tam
2042 2850 2376 2927 minutas
2437 2876 2700 2939 rerum
2749 2847 3152 2958 particulas
3203 2840 3383 2921 ratio-

1126 2984 1339 3039 nem
1384 2957 1688 3040 dicendi
1737 2955 2169 3039 concidere.
2267 2963 2450 3064 Qo
2490 2962 2688 3041 vitio
2729 2964 2962 3043 multi
2996 2956 3284 3069 quidem
3308 2948 3384 3025 la·

1152 3067 1565 3160 horarum,
1620 3071 2002 3178 praecipue
2044 3093 2305 3151 tamen
2351 3076 2874 3180 Hermagoras
2898 3130 2923 3166 ,
2973 3076 3095 3155 v‘ir
3149 3060 3381 3167 alioqui

1149 3178 1480 3291 subtilis,
1527 3186 1607 3263 ὅ(
1651 3185 1733 3262 in
1769 3181 2124 3287 plurimis
2175 3181 2710 3277 admirandus,
2772 3207 3075 3267 tantum
3118 3178 3386 3284 diligen·

1151 3295 1273 3374 tiae
1330 3298 1667 3377 nimium
1712 3293 2090 3390 sollicitae3
2184 3314 2268 3377 ut
2303 3295 2461 3404 ipsa
2513 3300 2669 3401 ejus
2707 3292 3195 3406 reprehensio
3262 3287 3390 3367 lau-

1149 3402 1248 3484 de
1290 3403 1382 3489 lit
1437 3408 1688 3516 aliqua
1736 3432 1901 3485 non
1958 3403 2291 3512 indigna.
2390 3413 2577 3489 Haec
2627 3432 2895 3492 autem
2949 3408 3284 3493 brevior>
3335 3398 3394 3475 ὅ(

1145 3515 1274 3596 vel
1335 3515 1515 3597 ideo
1564 3515 1901 3600 lucidior
1951 3518 2211 3599 multo
2278 3521 2446 3613 via,
2503 3548 2758 3630 neque
2829 3508 3248 3619 discentem
3288 3532 3397 3616 per

1008 3692 1015 3703 .
1130 3628 1501 3741 ,ambages
1554 3630 1906 3736 fatigabit
1931 3686 1953 3721 ,
2040 3658 2188 3711 nec
2269 3659 2548 3740 corpus
2602 3635 2976 3716 orationis
3050 3635 3130 3713 in
3204 3645 3399 3737 parva

1139 3760 1546 3821 momenta
1634 3741 1994 3822 ducendo
2083 3741 2503 3827 consumet.
2667 3752 2881 3827 Nam
2952 3748 3089 3853 qui
3157 3724 3400 3822 vid'erit

1117 3840 1332 3960 'quid
1386 3853 1475 3936 fit
1516 3854 1731 3963 quod
1770 3857 1852 3932 in
1895 3855 2500 3941 controversiam
2560 3862 2861 3951 veniat,
2922 3855 3111 3967 quid
3155 3856 3231 3931 in
3281 3871 3403 3931 eo,

1138 3964 1222 4052 δε
1272 3991 1417 4074 per
1460 3992 1631 4077 quae
1660 3962 1867 4083 ,velit
1928 3967 2239 4053 efficere
2283 3997 2458 4079 pars
2505 3970 2837 4121 diversa,
2902 3967 3098 4082 quid
3152 3959 3404 4187 affigi,
