<?xml version="1.0" encoding="UTF-8"?>
<!DOCTYPE html PUBLIC "-//W3C//DTD XHTML 1.0 Transitional//EN"
    "http://www.w3.org/TR/xhtml1/DTD/xhtml1-transitional.dtd">
<html xmlns="http://www.w3.org/1999/xhtml" xml:lang="en" lang="en">
 <head>
  <title>
</title>
<meta http-equiv="Content-Type" content="text/html;charset=utf-8" />
  <meta name='ocr-system' content='tesseract 3.04.00' />
  <meta name='ocr-capabilities' content='ocr_page ocr_carea ocr_par ocr_line ocrx_word'/>
</head>
<body>
  <div class='ocr_page' id='page_1' title='image "./deinstitutioneo00obregoog_0558.png"; bbox 0 0 3557 5113; ppageno 0'>
   <div class='ocr_carea' id='block_1_1' title="bbox 777 217 3100 378">
    <p class='ocr_par' dir='ltr' id='par_1_1' title="bbox 777 217 3100 378">
     <span class='ocr_line' id='line_1_1' title="bbox 777 217 3100 378; baseline -0.001 -50"><span class='ocrx_word' id='word_1_1' title='bbox 777 249 1004 368; x_wconf 44' lang='grc' dir='ltr'>444,Φ</span> <span class='ocrx_word' id='word_1_2' title='bbox 1354 217 1528 324; x_wconf 40' lang='lat' dir='ltr'>Ma</span> <span class='ocrx_word' id='word_1_3' title='bbox 1621 221 2035 374; x_wconf 52' lang='lat' dir='ltr'>1⁴‘11l13211⁴</span> <span class='ocrx_word' id='word_1_4' title='bbox 2131 222 3100 378; x_wconf 67' lang='lat' dir='ltr'>erthtrLlANl</span> 
     </span>
    </p>
   </div>
   <div class='ocr_carea' id='block_1_2' title="bbox 757 529 3388 4209">
    <p class='ocr_par' dir='ltr' id='par_1_2' title="bbox 757 529 3388 4125">
     <span class='ocr_line' id='line_1_2' title="bbox 757 529 3296 641; baseline -0.002 -25"><span class='ocrx_word' id='word_1_5' title='bbox 757 562 1081 640; x_wconf 40' lang='lat' dir='ltr'>enum</span> <span class='ocrx_word' id='word_1_6' title='bbox 1114 531 1234 616; x_wconf 71' lang='lat' dir='ltr'>dn⁴</span> <span class='ocrx_word' id='word_1_7' title='bbox 1266 560 1427 641; x_wconf 87' lang='lat' dir='ltr'>quo</span> <span class='ocrx_word' id='word_1_8' title='bbox 1487 529 1908 639; x_wconf 84' lang='lat' dir='ltr'>ambigitur</span> <span class='ocrx_word' id='word_1_9' title='bbox 1948 589 1970 618; x_wconf 86' lang='lat'>‚</span> <span class='ocrx_word' id='word_1_10' title='bbox 2020 536 2309 641; x_wconf 78' lang='lat' dir='ltr'>&#39;utique</span> <span class='ocrx_word' id='word_1_11' title='bbox 2389 535 2469 618; x_wconf 88' lang='lat' dir='ltr'>in</span> <span class='ocrx_word' id='word_1_12' title='bbox 2535 534 2693 616; x_wconf 84' lang='lat' dir='ltr'>alia·</span> <span class='ocrx_word' id='word_1_13' title='bbox 2760 563 2843 615; x_wconf 85' lang='lat' dir='ltr'>re</span> <span class='ocrx_word' id='word_1_14' title='bbox 2893 549 3157 620; x_wconf 81' lang='lat' dir='ltr'>certum</span> <span class='ocrx_word' id='word_1_15' title='bbox 3197 532 3296 612; x_wconf 69' lang='lat' dir='ltr'>dl:</span> 
     </span>
     <span class='ocr_line' id='line_1_3' title="bbox 1112 643 3299 753; baseline -0.003 -25"><span class='ocrx_word' id='word_1_16' title='bbox 1112 649 1616 753; x_wconf 88' lang='lat' dir='ltr'>Sacrilegium</span> <span class='ocrx_word' id='word_1_17' title='bbox 1679 645 1790 724; x_wconf 88' lang='lat' dir='ltr'>est</span> <span class='ocrx_word' id='word_1_18' title='bbox 1858 673 2029 725; x_wconf 85' lang='lat' dir='ltr'>rem</span> <span class='ocrx_word' id='word_1_19' title='bbox 2080 643 2370 725; x_wconf 86' lang='lat' dir='ltr'>sacram</span> <span class='ocrx_word' id='word_1_20' title='bbox 2435 646 2533 725; x_wconf 91' lang='lat' dir='ltr'>de</span> <span class='ocrx_word' id='word_1_21' title='bbox 2616 648 2914 753; x_wconf 88' lang='lat' dir='ltr'>templo</span> <span class='ocrx_word' id='word_1_22' title='bbox 2972 647 3299 751; x_wconf 82' lang='lat' dir='ltr'>surripere:</span> 
     </span>
     <span class='ocr_line' id='line_1_4' title="bbox 1113 756 3308 864; baseline -0.001 -23"><span class='ocrx_word' id='word_1_23' title='bbox 1113 786 1312 841; x_wconf 85' lang='lat' dir='ltr'>num</span> <span class='ocrx_word' id='word_1_24' title='bbox 1358 765 1437 840; x_wconf 75' lang='grc' dir='ltr'>ὅ(</span> <span class='ocrx_word' id='word_1_25' title='bbox 1487 757 1866 864; x_wconf 88' lang='lat' dir='ltr'>privatam</span> <span class='ocrx_word' id='word_1_26' title='bbox 1925 757 1947 838; x_wconf 73' lang='grc' dir='ltr'>Ξ</span> <span class='ocrx_word' id='word_1_27' title='bbox 2015 756 2519 838; x_wconf 85' lang='lat' dir='ltr'><strong>Adulterium</strong></span> <span class='ocrx_word' id='word_1_28' title='bbox 2552 815 2576 845; x_wconf 87' lang='lat'>,</span> <span class='ocrx_word' id='word_1_29' title='bbox 2638 787 2818 842; x_wconf 89' lang='lat' dir='ltr'>cum</span> <span class='ocrx_word' id='word_1_30' title='bbox 2863 758 3087 839; x_wconf 84' lang='lat' dir='ltr'>aliena</span> <span class='ocrx_word' id='word_1_31' title='bbox 3127 781 3308 838; x_wconf 84' lang='lat' dir='ltr'>uxore</span> 
     </span>
     <span class='ocr_line' id='line_1_5' title="bbox 1115 869 3307 978; baseline -0.001 -27"><span class='ocrx_word' id='word_1_32' title='bbox 1115 870 1341 966; x_wconf 83' lang='lat' dir='ltr'>domi</span> <span class='ocrx_word' id='word_1_33' title='bbox 1383 874 1598 951; x_wconf 88' lang='lat' dir='ltr'>coire</span> <span class='ocrx_word' id='word_1_34' title='bbox 1640 901 1663 963; x_wconf 91' lang='lat'>;</span> <span class='ocrx_word' id='word_1_35' title='bbox 1726 896 1825 949; x_wconf 90' lang='lat' dir='ltr'>an</span> <span class='ocrx_word' id='word_1_36' title='bbox 1866 876 1943 949; x_wconf 73' lang='grc' dir='ltr'>δι</span> <span class='ocrx_word' id='word_1_37' title='bbox 1984 873 2067 948; x_wconf 90' lang='lat' dir='ltr'>in</span> <span class='ocrx_word' id='word_1_38' title='bbox 2108 869 2455 975; x_wconf 84' lang='lat' dir='ltr'>lupanari</span> <span class='ocrx_word' id='word_1_39' title='bbox 2496 870 2520 951; x_wconf 73' lang='grc' dir='ltr'><strong><em>ἓ</em></strong></span> <span class='ocrx_word' id='word_1_40' title='bbox 2580 870 3190 978; x_wconf 74' lang='lat' dir='ltr'>Tyrannicidinm,</span> <span class='ocrx_word' id='word_1_41' title='bbox 3221 895 3307 948; x_wconf 88' lang='lat' dir='ltr'>oc·</span> 
     </span>
     <span class='ocr_line' id='line_1_6' title="bbox 1115 971 3308 1088; baseline -0.003 -25"><span class='ocrx_word' id='word_1_42' title='bbox 1115 971 1374 1063; x_wconf 85' lang='lat' dir='ltr'>cidere</span> <span class='ocrx_word' id='word_1_43' title='bbox 1434 1004 1852 1088; x_wconf 86' lang='lat' dir='ltr'>tyrannum</span> <span class='ocrx_word' id='word_1_44' title='bbox 1893 1014 1914 1077; x_wconf 89' lang='lat'>;</span> <span class='ocrx_word' id='word_1_45' title='bbox 2006 1010 2104 1061; x_wconf 89' lang='lat' dir='ltr'>an</span> <span class='ocrx_word' id='word_1_46' title='bbox 2156 985 2395 1062; x_wconf 85' lang='lat' dir='ltr'>etiam</span> <span class='ocrx_word' id='word_1_47' title='bbox 2447 986 2529 1061; x_wconf 89' lang='lat' dir='ltr'>in</span> <span class='ocrx_word' id='word_1_48' title='bbox 2580 1009 2920 1064; x_wconf 87' lang='lat' dir='ltr'>mortem</span> <span class='ocrx_word' id='word_1_49' title='bbox 2971 982 3308 1086; x_wconf 85' lang='lat' dir='ltr'>compelle·</span> 
     </span>
     <span class='ocr_line' id='line_1_7' title="bbox 1113 1091 3315 1201; baseline -0.003 -25"><span class='ocrx_word' id='word_1_50' title='bbox 1113 1122 1200 1176; x_wconf 86' lang='lat' dir='ltr'>re</span> <span class='ocrx_word' id='word_1_51' title='bbox 1247 1095 1270 1173; x_wconf 74' lang='grc' dir='ltr'><strong><em>ἓ</em></strong></span> <span class='ocrx_word' id='word_1_52' title='bbox 1335 1091 1670 1200; x_wconf 85' lang='lat' dir='ltr'>Ideoque</span> <span class='ocrx_word' id='word_1_53' title='bbox 1713 1094 2156 1193; x_wconf 68' lang='grc' dir='ltr'>συλλογισμὶς</span> <span class='ocrx_word' id='word_1_54' title='bbox 2192 1148 2217 1185; x_wconf 85' lang='lat'>,</span> <span class='ocrx_word' id='word_1_55' title='bbox 2280 1092 2380 1174; x_wconf 86' lang='lat' dir='ltr'>de</span> <span class='ocrx_word' id='word_1_56' title='bbox 2430 1120 2592 1201; x_wconf 89' lang='lat' dir='ltr'>quo</span> <span class='ocrx_word' id='word_1_57' title='bbox 2632 1097 2892 1201; x_wconf 86' lang='lat' dir='ltr'>postea</span> <span class='ocrx_word' id='word_1_58' title='bbox 2926 1093 3190 1182; x_wconf 84' lang='lat' dir='ltr'>dicam,</span> <span class='ocrx_word' id='word_1_59' title='bbox 3229 1116 3315 1172; x_wconf 75' lang='lat' dir='ltr'>ve·</span> 
     </span>
     <span class='ocr_line' id='line_1_8' title="bbox 1117 1203 3313 1316; baseline -0.003 -29"><span class='ocrx_word' id='word_1_60' title='bbox 1117 1205 1238 1287; x_wconf 85' lang='lat' dir='ltr'>lut</span> <span class='ocrx_word' id='word_1_61' title='bbox 1294 1203 1686 1286; x_wconf 87' lang='lat' dir='ltr'>infirmior</span> <span class='ocrx_word' id='word_1_62' title='bbox 1741 1205 1855 1284; x_wconf 91' lang='lat' dir='ltr'>est</span> <span class='ocrx_word' id='word_1_63' title='bbox 1908 1205 2199 1297; x_wconf 82' lang='lat' dir='ltr'>finitio,</span> <span class='ocrx_word' id='word_1_64' title='bbox 2245 1209 2428 1315; x_wconf 87' lang='lat' dir='ltr'>quia</span> <span class='ocrx_word' id='word_1_65' title='bbox 2488 1210 2569 1286; x_wconf 91' lang='lat' dir='ltr'>in</span> <span class='ocrx_word' id='word_1_66' title='bbox 2624 1210 2767 1289; x_wconf 87' lang='lat' dir='ltr'>hac</span> <span class='ocrx_word' id='word_1_67' title='bbox 2818 1212 3204 1316; x_wconf 62' lang='lat' dir='ltr'>quaeritur,</span> <span class='ocrx_word' id='word_1_68' title='bbox 3246 1227 3313 1280; x_wconf 77' lang='lat' dir='ltr'>an</span> 
     </span>
     <span class='ocr_line' id='line_1_9' title="bbox 1114 1311 3313 1426; baseline -0.003 -29"><span class='ocrx_word' id='word_1_69' title='bbox 1114 1311 1335 1404; x_wconf 79' lang='lat' dir='ltr'>idem</span> <span class='ocrx_word' id='word_1_70' title='bbox 1373 1316 1460 1396; x_wconf 79' lang='lat' dir='ltr'>sit</span> <span class='ocrx_word' id='word_1_71' title='bbox 1514 1317 1738 1416; x_wconf 86' lang='lat' dir='ltr'>hujus</span> <span class='ocrx_word' id='word_1_72' title='bbox 1791 1321 1904 1396; x_wconf 89' lang='lat' dir='ltr'>rei</span> <span class='ocrx_word' id='word_1_73' title='bbox 1942 1345 2238 1399; x_wconf 86' lang='lat' dir='ltr'>nomen</span> <span class='ocrx_word' id='word_1_74' title='bbox 2267 1374 2289 1409; x_wconf 90' lang='lat'>‚</span> <span class='ocrx_word' id='word_1_75' title='bbox 2354 1318 2569 1426; x_wconf 91' lang='lat' dir='ltr'>quod</span> <span class='ocrx_word' id='word_1_76' title='bbox 2622 1321 2982 1402; x_wconf 86' lang='lat' dir='ltr'>alterius:</span> <span class='ocrx_word' id='word_1_77' title='bbox 3035 1317 3156 1396; x_wconf 89' lang='lat' dir='ltr'>illo</span> <span class='ocrx_word' id='word_1_78' title='bbox 3187 1370 3206 1405; x_wconf 92' lang='lat'>‚</span> <span class='ocrx_word' id='word_1_79' title='bbox 3250 1338 3313 1390; x_wconf 87' lang='lat' dir='ltr'>an</span> 
     </span>
     <span class='ocr_line' id='line_1_10' title="bbox 1115 1421 3311 1621; baseline -0.004 -112"><span class='ocrx_word' id='word_1_80' title='bbox 1115 1428 1440 1536; x_wconf 84' lang='lat' dir='ltr'>perinde</span> <span class='ocrx_word' id='word_1_81' title='bbox 1484 1427 1835 1509; x_wconf 87' lang='lat' dir='ltr'>habenda</span> <span class='ocrx_word' id='word_1_82' title='bbox 1881 1428 1972 1508; x_wconf 80' lang='lat' dir='ltr'>sit</span> <span class='ocrx_word' id='word_1_83' title='bbox 2008 1429 2168 1510; x_wconf 81' lang='lat' dir='ltr'>haec</span> <span class='ocrx_word' id='word_1_84' title='bbox 2191 1484 2216 1521; x_wconf 84' lang='lat'>,</span> <span class='ocrx_word' id='word_1_85' title='bbox 2261 1452 2493 1621; x_wconf 45' lang='lat' dir='ltr'>ataue</span> <span class='ocrx_word' id='word_1_86' title='bbox 2541 1430 2688 1511; x_wconf 89' lang='lat' dir='ltr'>illa.</span> <span class='ocrx_word' id='word_1_87' title='bbox 2786 1432 2909 1512; x_wconf 83' lang='lat' dir='ltr'>Est</span> <span class='ocrx_word' id='word_1_88' title='bbox 2954 1435 3027 1510; x_wconf 88' lang='lat'>&amp;</span> <span class='ocrx_word' id='word_1_89' title='bbox 3080 1427 3213 1507; x_wconf 82' lang='lat' dir='ltr'>talis</span> <span class='ocrx_word' id='word_1_90' title='bbox 3254 1421 3311 1501; x_wconf 84' lang='lat' dir='ltr'>fi-</span> 
     </span>
     <span class='ocr_line' id='line_1_11' title="bbox 1115 1538 3318 1648; baseline -0.002 -27"><span class='ocrx_word' id='word_1_91' title='bbox 1115 1542 1508 1622; x_wconf 88' lang='lat' dir='ltr'>nitionum</span> <span class='ocrx_word' id='word_1_92' title='bbox 1565 1538 1957 1621; x_wconf 79' lang='lat' dir='ltr'>diversitas</span> <span class='ocrx_word' id='word_1_93' title='bbox 1993 1597 2017 1625; x_wconf 88' lang='lat'>,</span> <span class='ocrx_word' id='word_1_94' title='bbox 2069 1540 2155 1620; x_wconf 80' lang='lat' dir='ltr'>u&#39;t</span> <span class='ocrx_word' id='word_1_95' title='bbox 2204 1545 2335 1648; x_wconf 90' lang='lat' dir='ltr'>qui</span> <span class='ocrx_word' id='word_1_96' title='bbox 2392 1569 2523 1621; x_wconf 84' lang='lat' dir='ltr'>arn</span> <span class='ocrx_word' id='word_1_97' title='bbox 2594 1543 2931 1625; x_wconf 84' lang='lat' dir='ltr'>sentiunt</span> <span class='ocrx_word' id='word_1_98' title='bbox 2963 1598 2986 1634; x_wconf 89' lang='lat'><strong>,</strong></span> <span class='ocrx_word' id='word_1_99' title='bbox 3060 1566 3215 1619; x_wconf 88' lang='lat' dir='ltr'>num</span> <span class='ocrx_word' id='word_1_100' title='bbox 3277 1538 3318 1612; x_wconf 86' lang='lat' dir='ltr'>i·</span> 
     </span>
     <span class='ocr_line' id='line_1_12' title="bbox 1111 1648 3320 1758; baseline -0.004 -25"><span class='ocrx_word' id='word_1_101' title='bbox 1111 1649 1300 1733; x_wconf 87' lang='lat' dir='ltr'>dem</span> <span class='ocrx_word' id='word_1_102' title='bbox 1347 1649 1656 1734; x_wconf 87' lang='lat' dir='ltr'>diverfis</span> <span class='ocrx_word' id='word_1_103' title='bbox 1734 1652 1988 1732; x_wconf 87' lang='lat' dir='ltr'>verbis</span> <span class='ocrx_word' id='word_1_104' title='bbox 2066 1652 2783 1758; x_wconf 86' lang='lat' dir='ltr'>comprehendatur</span> <span class='ocrx_word' id='word_1_105' title='bbox 2844 1688 2863 1735; x_wconf 76' lang='lat' dir='ltr'>t</span> <span class='ocrx_word' id='word_1_106' title='bbox 2943 1675 3025 1735; x_wconf 92' lang='lat' dir='ltr'>ut</span> <span class='ocrx_word' id='word_1_107' title='bbox 3076 1648 3320 1732; x_wconf 83' lang='lat' dir='ltr'>rhetori-</span> 
     </span>
     <span class='ocr_line' id='line_1_13' title="bbox 1117 1760 3322 1858; baseline -0.004 -15"><span class='ocrx_word' id='word_1_108' title='bbox 1117 1790 1208 1843; x_wconf 86' lang='lat' dir='ltr'>ce</span> <span class='ocrx_word' id='word_1_109' title='bbox 1251 1819 1276 1853; x_wconf 91' lang='lat'>,</span> <span class='ocrx_word' id='word_1_110' title='bbox 1348 1764 1543 1844; x_wconf 90' lang='lat' dir='ltr'>bene</span> <span class='ocrx_word' id='word_1_111' title='bbox 1594 1760 1901 1842; x_wconf 89' lang='lat' dir='ltr'>dicendi</span> <span class='ocrx_word' id='word_1_112' title='bbox 1958 1761 2270 1844; x_wconf 88' lang='lat' dir='ltr'>scientia</span> <span class='ocrx_word' id='word_1_113' title='bbox 2308 1820 2332 1855; x_wconf 85' lang='lat'>,</span> <span class='ocrx_word' id='word_1_114' title='bbox 2397 1771 2476 1847; x_wconf 73' lang='grc' dir='ltr'>δε</span> <span class='ocrx_word' id='word_1_115' title='bbox 2533 1767 2810 1848; x_wconf 88' lang='lat' dir='ltr'>eadem</span> <span class='ocrx_word' id='word_1_116' title='bbox 2853 1823 2877 1858; x_wconf 85' lang='lat'>,</span> <span class='ocrx_word' id='word_1_117' title='bbox 2947 1769 3122 1848; x_wconf 81' lang='lat' dir='ltr'>bene</span> <span class='ocrx_word' id='word_1_118' title='bbox 3172 1768 3322 1841; x_wconf 80' lang='lat' dir='ltr'>inve·</span> 
     </span>
     <span class='ocr_line' id='line_1_14' title="bbox 1109 1870 3318 1968; baseline -0 -15"><span class='ocrx_word' id='word_1_119' title='bbox 1109 1872 1374 1953; x_wconf 88' lang='lat' dir='ltr'>niendi</span> <span class='ocrx_word' id='word_1_120' title='bbox 1404 1929 1428 1959; x_wconf 87' lang='lat'>,</span> <span class='ocrx_word' id='word_1_121' title='bbox 1507 1879 1585 1956; x_wconf 76' lang='grc' dir='ltr'>ὅ(</span> <span class='ocrx_word' id='word_1_122' title='bbox 1629 1874 1827 1952; x_wconf 86' lang='lat' dir='ltr'>bene</span> <span class='ocrx_word' id='word_1_123' title='bbox 1897 1876 2353 1958; x_wconf 85' lang='lat' dir='ltr'>enunciandi</span> <span class='ocrx_word' id='word_1_124' title='bbox 2393 1931 2416 1968; x_wconf 86' lang='lat'>,</span> <span class='ocrx_word' id='word_1_125' title='bbox 2490 1881 2572 1958; x_wconf 77' lang='grc' dir='ltr'>ὅ(</span> <span class='ocrx_word' id='word_1_126' title='bbox 2633 1870 3318 1960; x_wconf 77' lang='lat' dir='ltr'>dicendi.sec1mdum</span> 
     </span>
     <span class='ocr_line' id='line_1_15' title="bbox 1115 1985 3316 2096; baseline 0 -32"><span class='ocrx_word' id='word_1_127' title='bbox 1115 1985 1491 2064; x_wconf 76' lang='lat' dir='ltr'>virtutem</span> <span class='ocrx_word' id='word_1_128' title='bbox 1536 1987 1909 2067; x_wconf 83' lang='lat' dir='ltr'>orationis</span> <span class='ocrx_word' id='word_1_129' title='bbox 1946 2040 1969 2076; x_wconf 84' lang='lat'>‚</span> <span class='ocrx_word' id='word_1_130' title='bbox 2027 1993 2103 2069; x_wconf 82' lang='lat'>&amp;</span> <span class='ocrx_word' id='word_1_131' title='bbox 2141 1987 2450 2068; x_wconf 86' lang='lat' dir='ltr'>dicendi</span> <span class='ocrx_word' id='word_1_132' title='bbox 2504 1990 2721 2096; x_wconf 89' lang='lat' dir='ltr'>quod</span> <span class='ocrx_word' id='word_1_133' title='bbox 2764 1991 2861 2072; x_wconf 76' lang='lat' dir='ltr'>sit</span> <span class='ocrx_word' id='word_1_134' title='bbox 2915 1990 3153 2071; x_wconf 85' lang='lat' dir='ltr'>officii.</span> <span class='ocrx_word' id='word_1_135' title='bbox 3219 1987 3316 2059; x_wconf 78' lang='lat' dir='ltr'>At-</span> 
     </span>
     <span class='ocr_line' id='line_1_16' title="bbox 1114 2095 3324 2211; baseline 0 -36"><span class='ocrx_word' id='word_1_136' title='bbox 1114 2121 1269 2204; x_wconf 88' lang='lat' dir='ltr'>que</span> <span class='ocrx_word' id='word_1_137' title='bbox 1327 2095 1903 2203; x_wconf 86' lang='lat' dir='ltr'>providendum</span> <span class='ocrx_word' id='word_1_138' title='bbox 1935 2152 1958 2189; x_wconf 85' lang='lat'>‚</span> <span class='ocrx_word' id='word_1_139' title='bbox 2036 2121 2126 2179; x_wconf 89' lang='lat' dir='ltr'>ut</span> <span class='ocrx_word' id='word_1_140' title='bbox 2190 2097 2247 2180; x_wconf 84' lang='lat' dir='ltr'>fi</span> <span class='ocrx_word' id='word_1_141' title='bbox 2294 2098 2507 2180; x_wconf 89' lang='lat' dir='ltr'>sensu</span> <span class='ocrx_word' id='word_1_142' title='bbox 2554 2128 2720 2183; x_wconf 88' lang='lat' dir='ltr'>non</span> <span class='ocrx_word' id='word_1_143' title='bbox 2772 2116 3148 2211; x_wconf 79' lang='lat' dir='ltr'>pugnent,</span> <span class='ocrx_word' id='word_1_144' title='bbox 3172 2118 3324 2176; x_wconf 89' lang='lat' dir='ltr'>com·</span> 
     </span>
     <span class='ocr_line' id='line_1_17' title="bbox 1115 2207 3330 2323; baseline 0.005 -37"><span class='ocrx_word' id='word_1_145' title='bbox 1115 2208 1622 2315; x_wconf 88' lang='lat' dir='ltr'>prehenfione</span> <span class='ocrx_word' id='word_1_146' title='bbox 1676 2207 2131 2292; x_wconf 82' lang='lat' dir='ltr'>diffentiant.</span> <span class='ocrx_word' id='word_1_147' title='bbox 2224 2210 2371 2291; x_wconf 86' lang='lat' dir='ltr'>Sed</span> <span class='ocrx_word' id='word_1_148' title='bbox 2417 2209 2514 2291; x_wconf 89' lang='lat' dir='ltr'>de</span> <span class='ocrx_word' id='word_1_149' title='bbox 2559 2214 2677 2294; x_wconf 84' lang='lat' dir='ltr'>his</span> <span class='ocrx_word' id='word_1_150' title='bbox 2730 2215 3185 2323; x_wconf 70' lang='lat' dir='ltr'>disputatur,</span> <span class='ocrx_word' id='word_1_151' title='bbox 3210 2227 3330 2284; x_wconf 72' lang='lat'>1¹0¹¹</span> 
     </span>
     <span class='ocr_line' id='line_1_18' title="bbox 1109 2316 3332 2430; baseline 0.002 -33"><span class='ocrx_word' id='word_1_152' title='bbox 1109 2319 1469 2427; x_wconf 80' lang='lat' dir='ltr'>litigatur.</span> <span class='ocrx_word' id='word_1_153' title='bbox 1568 2327 1799 2426; x_wconf 65' lang='lat' dir='ltr'>Opus,</span> <span class='ocrx_word' id='word_1_154' title='bbox 1827 2321 1937 2401; x_wconf 84' lang='lat' dir='ltr'>est</span> <span class='ocrx_word' id='word_1_155' title='bbox 1988 2323 2405 2430; x_wconf 86' lang='lat' dir='ltr'>aliquando</span> <span class='ocrx_word' id='word_1_156' title='bbox 2449 2321 2813 2407; x_wconf 86' lang='lat' dir='ltr'>finitione</span> <span class='ocrx_word' id='word_1_157' title='bbox 2857 2316 3332 2408; x_wconf 61' lang='lat' dir='ltr'>obscurioribus</span> 
     </span>
     <span class='ocr_line' id='line_1_19' title="bbox 1116 2429 3335 2550; baseline 0.003 -39"><span class='ocrx_word' id='word_1_158' title='bbox 1116 2436 1198 2511; x_wconf 75' lang='grc' dir='ltr'>ὅ(</span> <span class='ocrx_word' id='word_1_159' title='bbox 1250 2434 1769 2537; x_wconf 82' lang='lat' dir='ltr'>ignotioribus</span> <span class='ocrx_word' id='word_1_160' title='bbox 1819 2434 2071 2514; x_wconf 86' lang='lat' dir='ltr'>verbis</span> <span class='ocrx_word' id='word_1_161' title='bbox 2100 2489 2123 2525; x_wconf 90' lang='lat'><strong>,</strong></span> <span class='ocrx_word' id='word_1_162' title='bbox 2187 2454 2274 2514; x_wconf 89' lang='lat' dir='ltr'>ut</span> <span class='ocrx_word' id='word_1_163' title='bbox 2313 2434 2506 2541; x_wconf 90' lang='lat' dir='ltr'>quid</span> <span class='ocrx_word' id='word_1_164' title='bbox 2549 2435 2639 2517; x_wconf 82' lang='lat' dir='ltr'>fit</span> <span class='ocrx_word' id='word_1_165' title='bbox 2695 2443 3080 2550; x_wconf 72' lang='lat' dir='ltr'>clarigatio</span> <span class='ocrx_word' id='word_1_166' title='bbox 3114 2491 3133 2526; x_wconf 91' lang='lat'>‚</span> <span class='ocrx_word' id='word_1_167' title='bbox 3165 2429 3335 2544; x_wconf 64' lang='lat' dir='ltr'>prol(-</span> 
     </span>
     <span class='ocr_line' id='line_1_20' title="bbox 1102 2536 3337 2658; baseline 0.001 -35"><span class='ocrx_word' id='word_1_168' title='bbox 1102 2550 1335 2623; x_wconf 79' lang='lat' dir='ltr'>tarius</span> <span class='ocrx_word' id='word_1_169' title='bbox 1398 2581 1422 2622; x_wconf 90' lang='lat'>.·</span> <span class='ocrx_word' id='word_1_170' title='bbox 1528 2548 1847 2624; x_wconf 82' lang='lat' dir='ltr'>interim</span> <span class='ocrx_word' id='word_1_171' title='bbox 1905 2549 2110 2626; x_wconf 83' lang='lat' dir='ltr'>notis</span> <span class='ocrx_word' id='word_1_172' title='bbox 2156 2549 2480 2629; x_wconf 85' lang='lat' dir='ltr'>nomine</span> <span class='ocrx_word' id='word_1_173' title='bbox 2523 2550 2782 2632; x_wconf 81' lang='lat' dir='ltr'>verbis</span> <span class='ocrx_word' id='word_1_174' title='bbox 2838 2584 2857 2630; x_wconf 72' lang='grc' dir='ltr'>ε</span> <span class='ocrx_word' id='word_1_175' title='bbox 2926 2571 3014 2632; x_wconf 87' lang='lat' dir='ltr'>ut</span> <span class='ocrx_word' id='word_1_176' title='bbox 3067 2541 3228 2658; x_wconf 90' lang='lat' dir='ltr'>quid</span> <span class='ocrx_word' id='word_1_177' title='bbox 3273 2536 3337 2618; x_wconf 84' lang='lat' dir='ltr'>fit</span> 
     </span>
     <span class='ocr_line' id='line_1_21' title="bbox 1089 2654 3343 2766; baseline 0.004 -33"><span class='ocrx_word' id='word_1_178' title='bbox 1089 2680 1322 2766; x_wconf 83' lang='lat' dir='ltr'>penus</span> <span class='ocrx_word' id='word_1_179' title='bbox 1375 2672 1397 2740; x_wconf 64' lang='lat'>‘,</span> <span class='ocrx_word' id='word_1_180' title='bbox 1461 2654 1654 2763; x_wconf 89' lang='lat' dir='ltr'>quid</span> <span class='ocrx_word' id='word_1_181' title='bbox 1705 2661 1926 2737; x_wconf 83' lang='lat' dir='ltr'>littus.</span> <span class='ocrx_word' id='word_1_182' title='bbox 2048 2662 2243 2757; x_wconf 81' lang='lat' dir='ltr'>Qae</span> <span class='ocrx_word' id='word_1_183' title='bbox 2294 2663 2617 2741; x_wconf 84' lang='lat' dir='ltr'>varietas</span> <span class='ocrx_word' id='word_1_184' title='bbox 2675 2665 2992 2755; x_wconf 80' lang='lat' dir='ltr'>efficit,</span> <span class='ocrx_word' id='word_1_185' title='bbox 3071 2683 3150 2741; x_wconf 87' lang='lat' dir='ltr'>ut</span> <span class='ocrx_word' id='word_1_186' title='bbox 3217 2676 3343 2735; x_wconf 63' lang='lat' dir='ltr'>mm</span> 
     </span>
     <span class='ocr_line' id='line_1_22' title="bbox 1108 2766 3341 2883; baseline 0.001 -38"><span class='ocrx_word' id='word_1_187' title='bbox 1108 2767 1428 2872; x_wconf 88' lang='lat' dir='ltr'>quidam</span> <span class='ocrx_word' id='word_1_188' title='bbox 1484 2770 1993 2869; x_wconf 56' lang='lat' dir='ltr'>conjecturae2</span> <span class='ocrx_word' id='word_1_189' title='bbox 2045 2769 2364 2875; x_wconf 89' lang='lat' dir='ltr'>quidam</span> <span class='ocrx_word' id='word_1_190' title='bbox 2426 2773 2827 2879; x_wconf 82' lang='lat' dir='ltr'>qualitati,</span> <span class='ocrx_word' id='word_1_191' title='bbox 2873 2771 3179 2883; x_wconf 73' lang='lat' dir='ltr'>quidam</span> <span class='ocrx_word' id='word_1_192' title='bbox 3207 2766 3341 2870; x_wconf 75' lang='lat' dir='ltr'>legi·</span> 
     </span>
     <span class='ocr_line' id='line_1_23' title="bbox 1117 2877 3342 2988; baseline 0.005 -34"><span class='ocrx_word' id='word_1_193' title='bbox 1117 2882 1329 2960; x_wconf 81' lang='lat' dir='ltr'>timis</span> <span class='ocrx_word' id='word_1_194' title='bbox 1391 2878 1929 2986; x_wconf 69' lang='lat' dir='ltr'>quaestionibus</span> <span class='ocrx_word' id='word_1_195' title='bbox 1998 2882 2465 2981; x_wconf 74' lang='lat' dir='ltr'>subjecerint.</span> <span class='ocrx_word' id='word_1_196' title='bbox 2574 2888 3065 2988; x_wconf 84' lang='lat' dir='ltr'>Qibusdam</span> <span class='ocrx_word' id='word_1_197' title='bbox 3109 2910 3198 2964; x_wconf 82' lang='lat' dir='ltr'>ne</span> <span class='ocrx_word' id='word_1_198' title='bbox 3229 2877 3342 2984; x_wconf 73' lang='lat' dir='ltr'>ph·</span> 
     </span>
     <span class='ocr_line' id='line_1_24' title="bbox 1114 2990 3346 3099; baseline 0.004 -31"><span class='ocrx_word' id='word_1_199' title='bbox 1114 2993 1274 3070; x_wconf 87' lang='lat' dir='ltr'>cuit</span> <span class='ocrx_word' id='word_1_200' title='bbox 1328 2990 1644 3099; x_wconf 87' lang='lat' dir='ltr'>quidem</span> <span class='ocrx_word' id='word_1_201' title='bbox 1709 2994 2042 3074; x_wconf 88' lang='lat' dir='ltr'>omnino</span> <span class='ocrx_word' id='word_1_202' title='bbox 2101 2993 2387 3074; x_wconf 86' lang='lat' dir='ltr'>subtilis</span> <span class='ocrx_word' id='word_1_203' title='bbox 2439 2996 2601 3076; x_wconf 85' lang='lat' dir='ltr'>haec</span> <span class='ocrx_word' id='word_1_204' title='bbox 2658 3004 2741 3079; x_wconf 69' lang='grc' dir='ltr'>δι</span> <span class='ocrx_word' id='word_1_205' title='bbox 2785 3000 2891 3080; x_wconf 87' lang='lat' dir='ltr'>ad</span> <span class='ocrx_word' id='word_1_206' title='bbox 2929 3020 3225 3081; x_wconf 85' lang='lat' dir='ltr'>morem</span> <span class='ocrx_word' id='word_1_207' title='bbox 3248 2994 3346 3070; x_wconf 68' lang='grc' dir='ltr'>ΠΙ·</span> 
     </span>
     <span class='ocr_line' id='line_1_25' title="bbox 1101 3099 3345 3217; baseline 0.003 -37"><span class='ocrx_word' id='word_1_208' title='bbox 1101 3100 1606 3184; x_wconf 78' lang='lat' dir='ltr'>alecticorum</span> <span class='ocrx_word' id='word_1_209' title='bbox 1667 3102 2003 3185; x_wconf 88' lang='lat' dir='ltr'>formata</span> <span class='ocrx_word' id='word_1_210' title='bbox 2047 3105 2442 3187; x_wconf 80' lang='lat' dir='ltr'>conclusio</span> <span class='ocrx_word' id='word_1_211' title='bbox 2468 3165 2490 3194; x_wconf 87' lang='lat'>‚</span> <span class='ocrx_word' id='word_1_212' title='bbox 2590 3132 2676 3190; x_wconf 88' lang='lat' dir='ltr'>ut</span> <span class='ocrx_word' id='word_1_213' title='bbox 2737 3115 2826 3191; x_wconf 89' lang='lat' dir='ltr'>in</span> <span class='ocrx_word' id='word_1_214' title='bbox 2894 3099 3345 3217; x_wconf 82' lang='lat' dir='ltr'>disputationi·</span> 
     </span>
     <span class='ocr_line' id='line_1_26' title="bbox 1089 3212 3357 3333; baseline 0.002 -40"><span class='ocrx_word' id='word_1_215' title='bbox 1089 3212 1242 3312; x_wconf 44' lang='lat' dir='ltr'>vbus</span> <span class='ocrx_word' id='word_1_216' title='bbox 1331 3218 1585 3320; x_wconf 87' lang='lat' dir='ltr'>potius</span> <span class='ocrx_word' id='word_1_217' title='bbox 1646 3243 1788 3323; x_wconf 89' lang='lat' dir='ltr'>per</span> <span class='ocrx_word' id='word_1_218' title='bbox 1866 3242 2320 3324; x_wconf 86' lang='lat' dir='ltr'>argumenta</span> <span class='ocrx_word' id='word_1_219' title='bbox 2408 3222 2845 3305; x_wconf 84' lang='lat' dir='ltr'>verborum</span> <span class='ocrx_word' id='word_1_220' title='bbox 2943 3215 3357 3333; x_wconf 49' lang='lat' dir='ltr'>cavillatrix,</span> 
     </span>
     <span class='ocr_line' id='line_1_27' title="bbox 1098 3328 3359 3430; baseline 0.003 -26"><span class='ocrx_word' id='word_1_221' title='bbox 1098 3349 1340 3430; x_wconf 86' lang='lat' dir='ltr'>quam</span> <span class='ocrx_word' id='word_1_222' title='bbox 1400 3328 1483 3405; x_wconf 92' lang='lat' dir='ltr'>in</span> <span class='ocrx_word' id='word_1_223' title='bbox 1535 3331 1860 3419; x_wconf 79' lang='lat' dir='ltr'>oratoris</span> <span class='ocrx_word' id='word_1_224' title='bbox 1897 3330 2167 3417; x_wconf 84' lang='lat' dir='ltr'>officio</span> <span class='ocrx_word' id='word_1_225' title='bbox 2208 3330 2553 3412; x_wconf 85' lang='lat' dir='ltr'>multum</span> <span class='ocrx_word' id='word_1_226' title='bbox 2610 3335 2953 3419; x_wconf 82' lang='lat' dir='ltr'>allatura</span> <span class='ocrx_word' id='word_1_227' title='bbox 3005 3346 3359 3416; x_wconf 77' lang='lat' dir='ltr'>momentt·</span> 
     </span>
     <span class='ocr_line' id='line_1_28' title="bbox 1095 3436 3366 3534; baseline 0.004 -19"><span class='ocrx_word' id='word_1_228' title='bbox 1095 3436 1324 3517; x_wconf 85' lang='lat' dir='ltr'>Licet</span> <span class='ocrx_word' id='word_1_229' title='bbox 1387 3439 1618 3517; x_wconf 61' lang='lat' dir='ltr'>enim⁴</span> <span class='ocrx_word' id='word_1_230' title='bbox 1647 3439 1909 3519; x_wconf 62' lang='lat' dir='ltr'>»valeat</span> <span class='ocrx_word' id='word_1_231' title='bbox 1962 3445 2044 3519; x_wconf 89' lang='lat' dir='ltr'>in</span> <span class='ocrx_word' id='word_1_232' title='bbox 2112 3441 2469 3525; x_wconf 87' lang='lat' dir='ltr'>sermone</span> <span class='ocrx_word' id='word_1_233' title='bbox 2513 3465 2833 3529; x_wconf 79' lang='lat' dir='ltr'>tantum</span> <span class='ocrx_word' id='word_1_234' title='bbox 2875 3506 2901 3534; x_wconf 83' lang='grc'><strong>.</strong></span> <span class='ocrx_word' id='word_1_235' title='bbox 2966 3469 3057 3530; x_wconf 81' lang='lat' dir='ltr'>ut</span> <span class='ocrx_word' id='word_1_236' title='bbox 3094 3438 3366 3524; x_wconf 82' lang='lat' dir='ltr'>constri-</span> 
     </span>
     <span class='ocr_line' id='line_1_29' title="bbox 1102 3546 3371 3667; baseline 0.006 -41"><span class='ocrx_word' id='word_1_237' title='bbox 1102 3546 1317 3629; x_wconf 68' lang='lat' dir='ltr'>stum</span> <span class='ocrx_word' id='word_1_238' title='bbox 1368 3548 1692 3630; x_wconf 86' lang='lat' dir='ltr'>vinculis</span> <span class='ocrx_word' id='word_1_239' title='bbox 1739 3550 1886 3632; x_wconf 89' lang='lat' dir='ltr'>suis</span> <span class='ocrx_word' id='word_1_240' title='bbox 1928 3552 2200 3633; x_wconf 85' lang='lat' dir='ltr'>habeat</span> <span class='ocrx_word' id='word_1_241' title='bbox 2255 3583 2438 3635; x_wconf 89' lang='lat' dir='ltr'>eum</span> <span class='ocrx_word' id='word_1_242' title='bbox 2496 3561 2637 3666; x_wconf 91' lang='lat' dir='ltr'>qui</span> <span class='ocrx_word' id='word_1_243' title='bbox 2690 3558 3199 3667; x_wconf 83' lang='lat' dir='ltr'>responsurus</span> <span class='ocrx_word' id='word_1_244' title='bbox 3249 3548 3371 3639; x_wconf 66' lang='lat' dir='ltr'>est»</span> 
     </span>
     <span class='ocr_line' id='line_1_30' title="bbox 1101 3659 3372 3779; baseline 0.003 -38"><span class='ocrx_word' id='word_1_245' title='bbox 1101 3662 1186 3741; x_wconf 73' lang='grc' dir='ltr'>δ(</span> <span class='ocrx_word' id='word_1_246' title='bbox 1233 3659 1357 3740; x_wconf 91' lang='lat' dir='ltr'>vel</span> <span class='ocrx_word' id='word_1_247' title='bbox 1407 3683 1658 3741; x_wconf 89' lang='lat' dir='ltr'>tacere</span> <span class='ocrx_word' id='word_1_248' title='bbox 1697 3714 1720 3750; x_wconf 88' lang='lat'><strong>,</strong></span> <span class='ocrx_word' id='word_1_249' title='bbox 1776 3662 1902 3745; x_wconf 87' lang='lat' dir='ltr'>vel</span> <span class='ocrx_word' id='word_1_250' title='bbox 1933 3667 2186 3749; x_wconf 64' lang='lat' dir='ltr'>etiam.</span> <span class='ocrx_word' id='word_1_251' title='bbox 2218 3671 2548 3753; x_wconf 72' lang='lat' dir='ltr'>invitum</span> <span class='ocrx_word' id='word_1_252' title='bbox 2590 3669 2673 3752; x_wconf 89' lang='lat' dir='ltr'>id</span> <span class='ocrx_word' id='word_1_253' title='bbox 2711 3672 2951 3779; x_wconf 83' lang='lat' dir='ltr'>quod</span> <span class='ocrx_word' id='word_1_254' title='bbox 2983 3671 3077 3753; x_wconf 83' lang='lat' dir='ltr'>fit</span> <span class='ocrx_word' id='word_1_255' title='bbox 3119 3686 3372 3750; x_wconf 72' lang='lat' dir='ltr'>contra,</span> 
     </span>
     <span class='ocr_line' id='line_1_31' title="bbox 1106 3771 3381 3883; baseline 0.006 -33"><span class='ocrx_word' id='word_1_256' title='bbox 1106 3793 1338 3875; x_wconf 68' lang='lat' dir='ltr'>cogat</span> <span class='ocrx_word' id='word_1_257' title='bbox 1376 3771 1593 3851; x_wconf 83' lang='lat' dir='ltr'>fateri</span> <span class='ocrx_word' id='word_1_258' title='bbox 1632 3803 1650 3849; x_wconf 75' lang='grc' dir='ltr'><strong><em>ε</em></strong></span> <span class='ocrx_word' id='word_1_259' title='bbox 1694 3798 1856 3853; x_wconf 90' lang='lat' dir='ltr'>non</span> <span class='ocrx_word' id='word_1_260' title='bbox 1900 3774 2178 3861; x_wconf 82' lang='lat' dir='ltr'>eadem</span> <span class='ocrx_word' id='word_1_261' title='bbox 2228 3777 2355 3863; x_wconf 85' lang='lat' dir='ltr'>est&#39;</span> <span class='ocrx_word' id='word_1_262' title='bbox 2397 3801 2660 3863; x_wconf 86' lang='lat' dir='ltr'>tamen</span> <span class='ocrx_word' id='word_1_263' title='bbox 2712 3789 2913 3883; x_wconf 61' lang='lat' dir='ltr'>eiust</span> <span class='ocrx_word' id='word_1_264' title='bbox 2935 3780 3026 3866; x_wconf 84' lang='lat' dir='ltr'>in</span> <span class='ocrx_word' id='word_1_265' title='bbox 3075 3777 3293 3865; x_wconf 75' lang='lat' dir='ltr'>caufis</span> <span class='ocrx_word' id='word_1_266' title='bbox 3320 3801 3381 3853; x_wconf 79' lang='lat' dir='ltr'>u·</span> 
     </span>
     <span class='ocr_line' id='line_1_32' title="bbox 1112 3880 3388 4009; baseline 0.006 -50"><span class='ocrx_word' id='word_1_267' title='bbox 1112 3880 1363 3962; x_wconf 85' lang='lat' dir='ltr'>tilitas.</span> <span class='ocrx_word' id='word_1_268' title='bbox 1453 3882 2077 3967; x_wconf 81' lang='lat' dir='ltr'>Persuadendum·</span> <span class='ocrx_word' id='word_1_269' title='bbox 2128 3892 2345 3973; x_wconf 77' lang='lat' dir='ltr'>enim</span> <span class='ocrx_word' id='word_1_270' title='bbox 2390 3890 2626 3995; x_wconf 87' lang='lat' dir='ltr'>judici</span> <span class='ocrx_word' id='word_1_271' title='bbox 2665 3894 2782 3975; x_wconf 88' lang='lat' dir='ltr'>est</span> <span class='ocrx_word' id='word_1_272' title='bbox 2818 3927 2855 3991; x_wconf 72' lang='lat' dir='ltr'>i</span> <span class='ocrx_word' id='word_1_273' title='bbox 2938 3899 3085 4009; x_wconf 82' lang='lat' dir='ltr'>qui</span> <span class='ocrx_word' id='word_1_274' title='bbox 3135 3881 3388 3974; x_wconf 72' lang='lat' dir='ltr'>etiamst</span> 
     </span>
     <span class='ocr_line' id='line_1_33' title="bbox 1099 3993 3383 4125; baseline -0.001 -30"><span class='ocrx_word' id='word_1_275' title='bbox 1099 3995 1356 4095; x_wconf 63' lang='lat' dir='ltr'>„Verbis</span> <span class='ocrx_word' id='word_1_276' title='bbox 1411 3993 1808 4119; x_wconf 54' lang='lat' dir='ltr'>devinstus</span> <span class='ocrx_word' id='word_1_277' title='bbox 1839 3998 1951 4091; x_wconf 69' lang='lat' dir='ltr'>‚cst</span> <span class='ocrx_word' id='word_1_278' title='bbox 1978 4053 2009 4092; x_wconf 75' lang='lat'><em>2</em></span> <span class='ocrx_word' id='word_1_279' title='bbox 2089 4022 2354 4087; x_wconf 82' lang='lat' dir='ltr'>tamen</span> <span class='ocrx_word' id='word_1_280' title='bbox 2395 4003 2536 4091; x_wconf 82' lang='lat' dir='ltr'>nifi</span> <span class='ocrx_word' id='word_1_281' title='bbox 2584 4005 2731 4118; x_wconf 75' lang='lat' dir='ltr'>ipsi</span> <span class='ocrx_word' id='word_1_282' title='bbox 2782 4012 2917 4093; x_wconf 83' lang='lat' dir='ltr'>rei</span> <span class='ocrx_word' id='word_1_283' title='bbox 2998 4003 3383 4125; x_wconf 62' lang='grc' dir='ltr'>οωῶᾅίῑι</span> 
     </span>
    </p>

    <p class='ocr_par' dir='ltr' id='par_1_3' title="bbox 1421 4131 3379 4209">
     <span class='ocr_line' id='line_1_34' title="bbox 1421 4131 3379 4209; baseline 0.003 -11"><span class='ocrx_word' id='word_1_284' title='bbox 1421 4180 1444 4209; x_wconf 78' lang='lat'><em>,</em></span> <span class='ocrx_word' id='word_1_285' title='bbox 2096 4198 2103 4209; x_wconf 80' lang='grc'><strong>,</strong></span> <span class='ocrx_word' id='word_1_286' title='bbox 2188 4188 2199 4199; x_wconf 70' lang='grc'><strong><em>,</em></strong></span> <span class='ocrx_word' id='word_1_287' title='bbox 2304 4190 2327 4201; x_wconf 78' lang='grc'><strong><em>-</em></strong></span> <span class='ocrx_word' id='word_1_288' title='bbox 3146 4131 3379 4204; x_wconf 61' lang='lat' dir='ltr'>mm!</span> 
     </span>
    </p>
   </div>
  </div>
 </body>
</html>
