<?xml version="1.0" encoding="UTF-8"?>
<!DOCTYPE html PUBLIC "-//W3C//DTD XHTML 1.0 Transitional//EN"
    "http://www.w3.org/TR/xhtml1/DTD/xhtml1-transitional.dtd">
<html xmlns="http://www.w3.org/1999/xhtml" xml:lang="en" lang="en">
 <head>
  <title>
</title>
<meta http-equiv="Content-Type" content="text/html;charset=utf-8" />
  <meta name='ocr-system' content='tesseract 3.04.00' />
  <meta name='ocr-capabilities' content='ocr_page ocr_carea ocr_par ocr_line ocrx_word'/>
</head>
<body>
  <div class='ocr_page' id='page_1' title='image "./deinstitutioneo00obregoog_0277.png"; bbox 0 0 3557 5113; ppageno 0'>
   <div class='ocr_carea' id='block_1_1' title="bbox 235 200 2747 443">
    <p class='ocr_par' dir='ltr' id='par_1_1' title="bbox 235 200 2747 443">
     <span class='ocr_line' id='line_1_1' title="bbox 235 200 2747 443; baseline -0.011 -44"><span class='ocrx_word' id='word_1_1' title='bbox 235 222 953 437; x_wconf 79' lang='lat' dir='ltr'>De-Instit.</span> <span class='ocrx_word' id='word_1_2' title='bbox 996 200 1720 443; x_wconf 71' lang='lat' dir='ltr'>oratoria,</span> <span class='ocrx_word' id='word_1_3' title='bbox 1757 222 2058 387; x_wconf 87' lang='lat' dir='ltr'><strong>Lib.</strong></span> <span class='ocrx_word' id='word_1_4' title='bbox 2110 225 2277 383; x_wconf 92' lang='lat' dir='ltr'>II.</span> <span class='ocrx_word' id='word_1_5' title='bbox 2561 255 2747 373; x_wconf 85' lang='lat'>137</span> 
     </span>
    </p>
   </div>
   <div class='ocr_carea' id='block_1_2' title="bbox 159 556 2861 1112">
    <p class='ocr_par' dir='ltr' id='par_1_2' title="bbox 159 556 2861 867">
     <span class='ocr_line' id='line_1_2' title="bbox 159 556 2861 671; baseline 0 -30"><span class='ocrx_word' id='word_1_6' title='bbox 159 560 401 671; x_wconf 80' lang='lat' dir='ltr'>gnabit</span> <span class='ocrx_word' id='word_1_7' title='bbox 444 565 735 641; x_wconf 86' lang='lat' dir='ltr'>acriter</span> <span class='ocrx_word' id='word_1_8' title='bbox 757 612 780 648; x_wconf 87' lang='lat'>‚</span> <span class='ocrx_word' id='word_1_9' title='bbox 839 562 1085 641; x_wconf 74' lang='lat' dir='ltr'>virtus</span> <span class='ocrx_word' id='word_1_10' title='bbox 1124 580 1390 639; x_wconf 85' lang='lat' dir='ltr'>tamen</span> <span class='ocrx_word' id='word_1_11' title='bbox 1443 560 1588 636; x_wconf 85' lang='lat' dir='ltr'>erit</span> <span class='ocrx_word' id='word_1_12' title='bbox 1642 556 2084 640; x_wconf 75' lang='lat' dir='ltr'>fortitudo=</span> <span class='ocrx_word' id='word_1_13' title='bbox 2137 565 2219 642; x_wconf 76' lang='grc' dir='ltr'>δε</span> <span class='ocrx_word' id='word_1_14' title='bbox 2287 580 2452 641; x_wconf 87' lang='lat' dir='ltr'>tor-</span> <span class='ocrx_word' id='word_1_15' title='bbox 2470 564 2861 655; x_wconf 64' lang='lat' dir='ltr'>Canxx,</span> 
     </span>
     <span class='ocr_line' id='line_1_3' title="bbox 162 669 2584 779; baseline 0.001 -27"><span class='ocrx_word' id='word_1_16' title='bbox 162 698 394 753; x_wconf 79' lang='lat' dir='ltr'>menta</span> <span class='ocrx_word' id='word_1_17' title='bbox 458 672 625 753; x_wconf 86' lang='lat' dir='ltr'>fine</span> <span class='ocrx_word' id='word_1_18' title='bbox 677 675 980 779; x_wconf 87' lang='lat' dir='ltr'>gemitu</span> <span class='ocrx_word' id='word_1_19' title='bbox 1034 673 1230 751; x_wconf 89' lang='lat' dir='ltr'>feret</span> <span class='ocrx_word' id='word_1_20' title='bbox 1308 669 1563 749; x_wconf 87' lang='lat' dir='ltr'>malus</span> <span class='ocrx_word' id='word_1_21' title='bbox 1640 669 1894 753; x_wconf 85' lang='lat' dir='ltr'>servus</span> <span class='ocrx_word' id='word_1_22' title='bbox 1928 726 1953 761; x_wconf 90' lang='lat'><strong>,</strong></span> <span class='ocrx_word' id='word_1_23' title='bbox 2034 670 2448 755; x_wconf 82' lang='lat' dir='ltr'>tolerantia</span> <span class='ocrx_word' id='word_1_24' title='bbox 2581 736 2584 739; x_wconf 86' lang='lat'>-</span> 
     </span>
     <span class='ocr_line' id='line_1_4' title="bbox 164 782 2441 867; baseline 0 -2"><span class='ocrx_word' id='word_1_25' title='bbox 164 808 400 865; x_wconf 82' lang='lat' dir='ltr'>tamen</span> <span class='ocrx_word' id='word_1_26' title='bbox 454 784 755 864; x_wconf 85' lang='lat' dir='ltr'>doloris</span> <span class='ocrx_word' id='word_1_27' title='bbox 811 783 1034 863; x_wconf 88' lang='lat' dir='ltr'>laude</span> <span class='ocrx_word' id='word_1_28' title='bbox 1091 784 1216 864; x_wconf 85' lang='lat' dir='ltr'>sua</span> <span class='ocrx_word' id='word_1_29' title='bbox 1286 810 1449 867; x_wconf 86' lang='lat' dir='ltr'>non</span> <span class='ocrx_word' id='word_1_30' title='bbox 1512 783 1821 863; x_wconf 83' lang='lat' dir='ltr'><strong>carebit.</strong></span> <span class='ocrx_word' id='word_1_31' title='bbox 1952 783 2203 864; x_wconf 90' lang='lat' dir='ltr'>Multa</span> <span class='ocrx_word' id='word_1_32' title='bbox 2240 782 2441 865; x_wconf 87' lang='lat' dir='ltr'>fiunt</span> 
     </span>
    </p>

    <p class='ocr_par' dir='ltr' id='par_1_3' title="bbox 165 893 2564 1112">
     <span class='ocr_line' id='line_1_5' title="bbox 165 893 2564 1002; baseline 0 -27"><span class='ocrx_word' id='word_1_33' title='bbox 165 898 462 980; x_wconf 83' lang='lat' dir='ltr'>eadem,</span> <span class='ocrx_word' id='word_1_34' title='bbox 531 895 661 975; x_wconf 88' lang='lat' dir='ltr'>sed</span> <span class='ocrx_word' id='word_1_35' title='bbox 722 894 960 975; x_wconf 86' lang='lat' dir='ltr'>aliter.</span> <span class='ocrx_word' id='word_1_36' title='bbox 1112 893 1505 976; x_wconf 83' lang='lat' dir='ltr'>Sufficiant</span> <span class='ocrx_word' id='word_1_37' title='bbox 1565 894 1807 999; x_wconf 84' lang='lat' dir='ltr'>igitur</span> <span class='ocrx_word' id='word_1_38' title='bbox 1863 893 2072 987; x_wconf 76' lang='lat' dir='ltr'>haec,</span> <span class='ocrx_word' id='word_1_39' title='bbox 2124 898 2305 1002; x_wconf 87' lang='lat' dir='ltr'>quia</span> <span class='ocrx_word' id='word_1_40' title='bbox 2342 897 2441 977; x_wconf 92' lang='lat' dir='ltr'>de</span> <span class='ocrx_word' id='word_1_41' title='bbox 2555 933 2564 940; x_wconf 84' lang='lat'><strong>·</strong></span> 
     </span>
     <span class='ocr_line' id='line_1_6' title="bbox 165 998 2018 1112; baseline -0.001 -27"><span class='ocrx_word' id='word_1_42' title='bbox 165 1009 469 1088; x_wconf 83' lang='lat' dir='ltr'>utilitate</span> <span class='ocrx_word' id='word_1_43' title='bbox 539 1013 758 1112; x_wconf 82' lang='lat' dir='ltr'>lupra</span> <span class='ocrx_word' id='word_1_44' title='bbox 812 1009 1321 1087; x_wconf 55' lang='lat' dir='ltr'>tractavimus.</span> <span class='ocrx_word' id='word_1_45' title='bbox 1435 998 1443 1007; x_wconf 57' lang='lat'><strong><em>⁴</em></strong></span> <span class='ocrx_word' id='word_1_46' title='bbox 2015 1006 2018 1009; x_wconf 67' lang='grc'>’</span> 
     </span>
    </p>
   </div>
   <div class='ocr_carea' id='block_1_3' title="bbox 137 1219 2790 4220">
    <p class='ocr_par' dir='ltr' id='par_1_4' title="bbox 157 1219 2790 2122">
     <span class='ocr_line' id='line_1_7' title="bbox 258 1219 2772 1338; baseline 0 -26"><span class='ocrx_word' id='word_1_47' title='bbox 258 1320 265 1325; x_wconf 55' lang='grc'><strong>,</strong></span> <span class='ocrx_word' id='word_1_48' title='bbox 328 1229 1010 1312; x_wconf 81' lang='lat' dir='ltr'>MATERIAM</span> <span class='ocrx_word' id='word_1_49' title='bbox 1051 1223 1472 1310; x_wconf 70' lang='lat' dir='ltr'>rhetorices</span> <span class='ocrx_word' id='word_1_50' title='bbox 1517 1219 1840 1338; x_wconf 79' lang='lat' dir='ltr'>quidam</span> <span class='ocrx_word' id='word_1_51' title='bbox 1889 1221 2252 1311; x_wconf 77' lang='lat' dir='ltr'>dixerunt</span> <span class='ocrx_word' id='word_1_52' title='bbox 2289 1225 2437 1313; x_wconf 71' lang='lat' dir='ltr'>esse</span> <span class='ocrx_word' id='word_1_53' title='bbox 2535 1253 2603 1335; x_wconf 75' lang='lat'>(2</span> <span class='ocrx_word' id='word_1_54' title='bbox 2633 1277 2670 1330; x_wconf 56' lang='grc' dir='ltr'><strong>Α</strong></span> <span class='ocrx_word' id='word_1_55' title='bbox 2701 1278 2772 1338; x_wconf 47' lang='lat'>1..</span> 
     </span>
     <span class='ocr_line' id='line_1_8' title="bbox 157 1340 2789 1452; baseline 0.001 -30"><span class='ocrx_word' id='word_1_56' title='bbox 157 1347 577 1422; x_wconf 84' lang='lat' dir='ltr'>orationem</span> <span class='ocrx_word' id='word_1_57' title='bbox 612 1371 639 1435; x_wconf 84' lang='lat'><em>3</em></span> <span class='ocrx_word' id='word_1_58' title='bbox 705 1368 860 1449; x_wconf 85' lang='lat' dir='ltr'>qua</span> <span class='ocrx_word' id='word_1_59' title='bbox 899 1344 982 1419; x_wconf 88' lang='lat' dir='ltr'>in</span> <span class='ocrx_word' id='word_1_60' title='bbox 1021 1340 1386 1421; x_wconf 85' lang='lat' dir='ltr'>sententia</span> <span class='ocrx_word' id='word_1_61' title='bbox 1430 1347 1752 1448; x_wconf 85' lang='lat' dir='ltr'>ponitur</span> <span class='ocrx_word' id='word_1_62' title='bbox 1792 1341 1998 1448; x_wconf 89' lang='lat' dir='ltr'>apud</span> <span class='ocrx_word' id='word_1_63' title='bbox 2034 1342 2446 1424; x_wconf 77' lang='lat' dir='ltr'>Platonem</span> <span class='ocrx_word' id='word_1_64' title='bbox 2531 1367 2616 1450; x_wconf 82' lang='lat' dir='ltr'><strong>x</strong></span> <span class='ocrx_word' id='word_1_65' title='bbox 2631 1371 2789 1452; x_wconf 67' lang='lat' dir='ltr'>XL</span> 
     </span>
     <span class='ocr_line' id='line_1_9' title="bbox 164 1451 2790 1563; baseline 0.002 -31"><span class='ocrx_word' id='word_1_66' title='bbox 164 1457 481 1559; x_wconf 77' lang='lat' dir='ltr'>Gorgias.</span> <span class='ocrx_word' id='word_1_67' title='bbox 583 1457 780 1550; x_wconf 78' lang='lat' dir='ltr'>Qae</span> <span class='ocrx_word' id='word_1_68' title='bbox 831 1451 887 1531; x_wconf 78' lang='lat' dir='ltr'>fi</span> <span class='ocrx_word' id='word_1_69' title='bbox 937 1455 1043 1532; x_wconf 88' lang='lat' dir='ltr'>ita</span> <span class='ocrx_word' id='word_1_70' title='bbox 1103 1455 1476 1559; x_wconf 86' lang='lat' dir='ltr'>accipitur</span> <span class='ocrx_word' id='word_1_71' title='bbox 1521 1474 1608 1533; x_wconf 84' lang='lat' dir='ltr'>ut</span> <span class='ocrx_word' id='word_1_72' title='bbox 1666 1452 1920 1533; x_wconf 87' lang='lat' dir='ltr'>sermo</span> <span class='ocrx_word' id='word_1_73' title='bbox 1974 1476 2442 1563; x_wconf 80' lang='lat' dir='ltr'>quacunque</span> <span class='ocrx_word' id='word_1_74' title='bbox 2785 1464 2790 1467; x_wconf 80' lang='grc'>’</span> 
     </span>
     <span class='ocr_line' id='line_1_10' title="bbox 158 1562 2435 1670; baseline 0.002 -29"><span class='ocrx_word' id='word_1_75' title='bbox 158 1563 256 1642; x_wconf 87' lang='lat' dir='ltr'>de</span> <span class='ocrx_word' id='word_1_76' title='bbox 304 1593 383 1643; x_wconf 88' lang='lat' dir='ltr'>re</span> <span class='ocrx_word' id='word_1_77' title='bbox 435 1562 915 1670; x_wconf 73' lang='lat' dir='ltr'>compositus</span> <span class='ocrx_word' id='word_1_78' title='bbox 957 1563 1253 1643; x_wconf 75' lang='lat' dir='ltr'>dicatur</span> <span class='ocrx_word' id='word_1_79' title='bbox 1294 1568 1590 1655; x_wconf 71' lang='lat' dir='ltr'>oratic,</span> <span class='ocrx_word' id='word_1_80' title='bbox 1657 1590 1824 1643; x_wconf 87' lang='lat' dir='ltr'>non</span> <span class='ocrx_word' id='word_1_81' title='bbox 1883 1569 2244 1656; x_wconf 87' lang='lat' dir='ltr'>materia,</span> <span class='ocrx_word' id='word_1_82' title='bbox 2305 1566 2435 1646; x_wconf 88' lang='lat' dir='ltr'>sed</span> 
     </span>
     <span class='ocr_line' id='line_1_11' title="bbox 159 1674 2431 1782; baseline 0.002 -28"><span class='ocrx_word' id='word_1_83' title='bbox 159 1681 339 1782; x_wconf 75' lang='lat' dir='ltr'>opus&#39;</span> <span class='ocrx_word' id='word_1_84' title='bbox 375 1676 487 1754; x_wconf 89' lang='lat' dir='ltr'>est</span> <span class='ocrx_word' id='word_1_85' title='bbox 526 1707 548 1755; x_wconf 75' lang='lat' dir='ltr'><strong><em>z</em></strong></span> <span class='ocrx_word' id='word_1_86' title='bbox 606 1698 692 1754; x_wconf 89' lang='lat' dir='ltr'>ut</span> <span class='ocrx_word' id='word_1_87' title='bbox 737 1674 1068 1755; x_wconf 81' lang='lat' dir='ltr'>statuarii</span> <span class='ocrx_word' id='word_1_88' title='bbox 1124 1674 1382 1756; x_wconf 88' lang='lat' dir='ltr'>statua.</span> <span class='ocrx_word' id='word_1_89' title='bbox 1461 1700 1644 1754; x_wconf 88' lang='lat' dir='ltr'>narn</span> <span class='ocrx_word' id='word_1_90' title='bbox 1693 1681 1771 1755; x_wconf 89' lang='lat'>&amp;</span> <span class='ocrx_word' id='word_1_91' title='bbox 1799 1680 2055 1756; x_wconf 85' lang='lat' dir='ltr'>oratio</span> <span class='ocrx_word' id='word_1_92' title='bbox 2089 1678 2431 1759; x_wconf 77' lang='lat' dir='ltr'>efficitur</span> 
     </span>
     <span class='ocr_line' id='line_1_12' title="bbox 158 1786 2427 1895; baseline 0.002 -29"><span class='ocrx_word' id='word_1_93' title='bbox 158 1812 348 1877; x_wconf 70' lang='lat' dir='ltr'>arte,</span> <span class='ocrx_word' id='word_1_94' title='bbox 394 1786 589 1867; x_wconf 80' lang='lat' dir='ltr'>sicut</span> <span class='ocrx_word' id='word_1_95' title='bbox 650 1786 905 1867; x_wconf 86' lang='lat' dir='ltr'>statua.</span> <span class='ocrx_word' id='word_1_96' title='bbox 1049 1788 1179 1866; x_wconf 83' lang='lat' dir='ltr'>Sin</span> <span class='ocrx_word' id='word_1_97' title='bbox 1220 1787 1364 1866; x_wconf 85' lang='lat' dir='ltr'>hac</span> <span class='ocrx_word' id='word_1_98' title='bbox 1410 1787 1924 1893; x_wconf 75' lang='lat' dir='ltr'>appellatione</span> <span class='ocrx_word' id='word_1_99' title='bbox 1987 1788 2220 1870; x_wconf 87' lang='lat' dir='ltr'>verba</span> <span class='ocrx_word' id='word_1_100' title='bbox 2271 1789 2427 1895; x_wconf 72' lang='lat' dir='ltr'>ipla</span> 
     </span>
     <span class='ocr_line' id='line_1_13' title="bbox 159 1895 2442 2004; baseline 0.003 -29"><span class='ocrx_word' id='word_1_101' title='bbox 159 1895 541 2003; x_wconf 83' lang='lat' dir='ltr'>fignificari</span> <span class='ocrx_word' id='word_1_102' title='bbox 596 1919 958 2004; x_wconf 76' lang='lat' dir='ltr'>putamus</span> <span class='ocrx_word' id='word_1_103' title='bbox 999 1952 1022 1988; x_wconf 88' lang='lat'>‚</span> <span class='ocrx_word' id='word_1_104' title='bbox 1077 1897 1274 1978; x_wconf 88' lang='lat' dir='ltr'>nihil</span> <span class='ocrx_word' id='word_1_105' title='bbox 1328 1899 1495 1977; x_wconf 63' lang='lat' dir='ltr'>-hatc</span> <span class='ocrx_word' id='word_1_106' title='bbox 1556 1897 1717 1977; x_wconf 79' lang='lat' dir='ltr'>sine</span> <span class='ocrx_word' id='word_1_107' title='bbox 1766 1925 2033 1979; x_wconf 81' lang='lat' dir='ltr'>rerum</span> <span class='ocrx_word' id='word_1_108' title='bbox 2094 1899 2442 1981; x_wconf 73' lang='lat' dir='ltr'>substan--</span> 
     </span>
     <span class='ocr_line' id='line_1_14' title="bbox 162 2008 2422 2122; baseline 0.003 -35"><span class='ocrx_word' id='word_1_109' title='bbox 162 2013 254 2087; x_wconf 81' lang='lat' dir='ltr'>tia</span> <span class='ocrx_word' id='word_1_110' title='bbox 285 2011 593 2090; x_wconf 77' lang='lat' dir='ltr'>faciunt.</span> <span class='ocrx_word' id='word_1_111' title='bbox 686 2008 1030 2114; x_wconf 82' lang='lat' dir='ltr'>Qidam</span> <span class='ocrx_word' id='word_1_112' title='bbox 1105 2031 1560 2115; x_wconf 79' lang='lat' dir='ltr'>argumenta</span> <span class='ocrx_word' id='word_1_113' title='bbox 1615 2009 2179 2116; x_wconf 73' lang='lat' dir='ltr'>persuasibilia:</span> <span class='ocrx_word' id='word_1_114' title='bbox 2248 2038 2422 2122; x_wconf 73' lang='lat' dir='ltr'>qua:</span> 
     </span>
    </p>

    <p class='ocr_par' dir='ltr' id='par_1_5' title="bbox 137 2118 2574 4220">
     <span class='ocr_line' id='line_1_15' title="bbox 156 2118 2419 2228; baseline 0.001 -29"><span class='ocrx_word' id='word_1_115' title='bbox 156 2126 227 2199; x_wconf 78' lang='grc' dir='ltr'>ὅ(</span> <span class='ocrx_word' id='word_1_116' title='bbox 265 2123 535 2228; x_wconf 86' lang='lat' dir='ltr'>ipsa-in</span> <span class='ocrx_word' id='word_1_117' title='bbox 578 2141 798 2227; x_wconf 85' lang='lat' dir='ltr'>parte</span> <span class='ocrx_word' id='word_1_118' title='bbox 855 2120 1020 2200; x_wconf 87' lang='lat' dir='ltr'>sunt</span> <span class='ocrx_word' id='word_1_119' title='bbox 1085 2125 1383 2227; x_wconf 85' lang='lat' dir='ltr'>operis,</span> <span class='ocrx_word' id='word_1_120' title='bbox 1443 2127 1523 2201; x_wconf 85' lang='lat'>&amp;</span> <span class='ocrx_word' id='word_1_121' title='bbox 1567 2143 1727 2200; x_wconf 87' lang='lat' dir='ltr'>arte</span> <span class='ocrx_word' id='word_1_122' title='bbox 1777 2118 2018 2212; x_wconf 87' lang='lat' dir='ltr'>fiunt,</span> <span class='ocrx_word' id='word_1_123' title='bbox 2055 2127 2135 2202; x_wconf 74' lang='grc' dir='ltr'>ὃ(</span> <span class='ocrx_word' id='word_1_124' title='bbox 2175 2146 2419 2204; x_wconf 86' lang='lat' dir='ltr'>mate·-</span> 
     </span>
     <span class='ocr_line' id='line_1_16' title="bbox 154 2231 2417 2342; baseline 0.003 -34"><span class='ocrx_word' id='word_1_125' title='bbox 154 2235 259 2310; x_wconf 84' lang='lat' dir='ltr'>ria</span> <span class='ocrx_word' id='word_1_126' title='bbox 311 2257 559 2339; x_wconf 82' lang='lat' dir='ltr'>egent.</span> <span class='ocrx_word' id='word_1_127' title='bbox 656 2231 996 2338; x_wconf 64' lang='lat' dir='ltr'>Quidam</span> <span class='ocrx_word' id='word_1_128' title='bbox 1048 2233 1309 2313; x_wconf 82' lang='lat' dir='ltr'>civiles</span> <span class='ocrx_word' id='word_1_129' title='bbox 1370 2232 1827 2340; x_wconf 68' lang='lat' dir='ltr'>quaestiones</span> <span class='ocrx_word' id='word_1_130' title='bbox 1867 2264 1884 2309; x_wconf 72' lang='lat' dir='ltr'><em>z</em></span> <span class='ocrx_word' id='word_1_131' title='bbox 1950 2261 2286 2342; x_wconf 86' lang='lat' dir='ltr'>quorum</span> <span class='ocrx_word' id='word_1_132' title='bbox 2330 2263 2417 2314; x_wconf 92' lang='lat' dir='ltr'>o-</span> 
     </span>
     <span class='ocr_line' id='line_1_17' title="bbox 151 2342 2417 2453; baseline 0.001 -30"><span class='ocrx_word' id='word_1_133' title='bbox 151 2347 360 2446; x_wconf 78' lang='lat' dir='ltr'>pinio</span> <span class='ocrx_word' id='word_1_134' title='bbox 421 2370 582 2424; x_wconf 85' lang='lat' dir='ltr'>non</span> <span class='ocrx_word' id='word_1_135' title='bbox 632 2346 1000 2453; x_wconf 80' lang='lat' dir='ltr'>qualitate</span> <span class='ocrx_word' id='word_1_136' title='bbox 1041 2400 1063 2433; x_wconf 86' lang='lat'>,</span> <span class='ocrx_word' id='word_1_137' title='bbox 1122 2343 1251 2424; x_wconf 87' lang='lat' dir='ltr'>fed</span> <span class='ocrx_word' id='word_1_138' title='bbox 1294 2342 1542 2423; x_wconf 87' lang='lat' dir='ltr'>modo</span> <span class='ocrx_word' id='word_1_139' title='bbox 1602 2349 1905 2423; x_wconf 75' lang='lat' dir='ltr'>erravit.</span> <span class='ocrx_word' id='word_1_140' title='bbox 2046 2346 2171 2424; x_wconf 76' lang='lat' dir='ltr'>Est</span> <span class='ocrx_word' id='word_1_141' title='bbox 2204 2351 2417 2426; x_wconf 86' lang='lat' dir='ltr'>enim</span> 
     </span>
     <span class='ocr_line' id='line_1_18' title="bbox 153 2454 2417 2558; baseline 0.001 -24"><span class='ocrx_word' id='word_1_142' title='bbox 153 2455 319 2534; x_wconf 84' lang='lat' dir='ltr'>haee</span> <span class='ocrx_word' id='word_1_143' title='bbox 384 2460 694 2536; x_wconf 88' lang='lat' dir='ltr'>materia</span> <span class='ocrx_word' id='word_1_144' title='bbox 745 2458 1164 2536; x_wconf 84' lang='lat' dir='ltr'>rhetorices</span> <span class='ocrx_word' id='word_1_145' title='bbox 1208 2510 1229 2546; x_wconf 92' lang='lat'>‚</span> <span class='ocrx_word' id='word_1_146' title='bbox 1325 2454 1454 2535; x_wconf 89' lang='lat' dir='ltr'>sed</span> <span class='ocrx_word' id='word_1_147' title='bbox 1520 2479 1685 2534; x_wconf 88' lang='lat' dir='ltr'>non</span> <span class='ocrx_word' id='word_1_148' title='bbox 1740 2454 1919 2534; x_wconf 72' lang='lat' dir='ltr'>iola.</span> <span class='ocrx_word' id='word_1_149' title='bbox 2048 2455 2417 2558; x_wconf 82' lang='lat' dir='ltr'>Qidatn,</span> 
     </span>
     <span class='ocr_line' id='line_1_19' title="bbox 150 2567 2419 2673; baseline 0.002 -26"><span class='ocrx_word' id='word_1_150' title='bbox 150 2571 327 2673; x_wconf 81' lang='lat' dir='ltr'>quia</span> <span class='ocrx_word' id='word_1_151' title='bbox 380 2572 610 2650; x_wconf 80' lang='lat' dir='ltr'>virtus</span> <span class='ocrx_word' id='word_1_152' title='bbox 678 2567 770 2648; x_wconf 81' lang='lat' dir='ltr'>sit</span> <span class='ocrx_word' id='word_1_153' title='bbox 822 2569 1250 2659; x_wconf 71' lang='lat' dir='ltr'>rhetorice,</span> <span class='ocrx_word' id='word_1_154' title='bbox 1308 2571 1714 2648; x_wconf 82' lang='lat' dir='ltr'>materiam</span> <span class='ocrx_word' id='word_1_155' title='bbox 1783 2570 1945 2669; x_wconf 78' lang='lat' dir='ltr'>ejus</span> <span class='ocrx_word' id='word_1_156' title='bbox 1999 2589 2250 2647; x_wconf 86' lang='lat' dir='ltr'>totam</span> <span class='ocrx_word' id='word_1_157' title='bbox 2303 2573 2419 2651; x_wconf 86' lang='lat' dir='ltr'>vi·-</span> 
     </span>
     <span class='ocr_line' id='line_1_20' title="bbox 150 2680 2415 2788; baseline 0.002 -30"><span class='ocrx_word' id='word_1_158' title='bbox 150 2699 301 2758; x_wconf 70' lang='lat' dir='ltr'>mn</span> <span class='ocrx_word' id='word_1_159' title='bbox 349 2704 651 2761; x_wconf 80' lang='lat' dir='ltr'>vocant.</span> <span class='ocrx_word' id='word_1_160' title='bbox 722 2680 875 2782; x_wconf 87' lang='lat' dir='ltr'>Alij</span> <span class='ocrx_word' id='word_1_161' title='bbox 900 2734 923 2770; x_wconf 90' lang='lat'>‚</span> <span class='ocrx_word' id='word_1_162' title='bbox 960 2684 1140 2788; x_wconf 89' lang='lat' dir='ltr'>quia</span> <span class='ocrx_word' id='word_1_163' title='bbox 1196 2706 1358 2758; x_wconf 90' lang='lat' dir='ltr'>non</span> <span class='ocrx_word' id='word_1_164' title='bbox 1404 2683 1766 2763; x_wconf 88' lang='lat' dir='ltr'>omnium</span> <span class='ocrx_word' id='word_1_165' title='bbox 1799 2682 2202 2761; x_wconf 80' lang='lat' dir='ltr'>‘virtutum</span> <span class='ocrx_word' id='word_1_166' title='bbox 2250 2709 2415 2762; x_wconf 85' lang='lat' dir='ltr'>ma-</span> 
     </span>
     <span class='ocr_line' id='line_1_21' title="bbox 154 2790 2416 2899; baseline 0.004 -35"><span class='ocrx_word' id='word_1_167' title='bbox 154 2795 325 2870; x_wconf 76' lang='lat' dir='ltr'>teria</span> <span class='ocrx_word' id='word_1_168' title='bbox 370 2790 459 2871; x_wconf 79' lang='lat' dir='ltr'>fit</span> <span class='ocrx_word' id='word_1_169' title='bbox 508 2815 678 2873; x_wconf 87' lang='lat' dir='ltr'>tota</span> <span class='ocrx_word' id='word_1_170' title='bbox 718 2795 873 2872; x_wconf 81' lang='lat' dir='ltr'>vita</span> <span class='ocrx_word' id='word_1_171' title='bbox 897 2848 920 2882; x_wconf 88' lang='lat'>,</span> <span class='ocrx_word' id='word_1_172' title='bbox 978 2791 1107 2870; x_wconf 88' lang='lat' dir='ltr'>sed</span> <span class='ocrx_word' id='word_1_173' title='bbox 1156 2792 1540 2899; x_wconf 72' lang='lat' dir='ltr'>pleraeque</span> <span class='ocrx_word' id='word_1_174' title='bbox 1592 2817 1861 2870; x_wconf 82' lang='lat' dir='ltr'>earum</span> <span class='ocrx_word' id='word_1_175' title='bbox 1903 2791 2298 2871; x_wconf 72' lang='lat' dir='ltr'>versentur</span> <span class='ocrx_word' id='word_1_176' title='bbox 2333 2795 2416 2873; x_wconf 89' lang='lat' dir='ltr'>in</span> 
     </span>
     <span class='ocr_line' id='line_1_22' title="bbox 153 2902 2422 3008; baseline 0 -26"><span class='ocrx_word' id='word_1_177' title='bbox 153 2903 467 3004; x_wconf 73' lang='lat' dir='ltr'>partibus</span> <span class='ocrx_word' id='word_1_178' title='bbox 509 2961 532 2996; x_wconf 92' lang='lat'>,</span> <span class='ocrx_word' id='word_1_179' title='bbox 604 2902 794 2983; x_wconf 78' lang='lat' dir='ltr'>sicut</span> <span class='ocrx_word' id='word_1_180' title='bbox 839 2902 1158 3003; x_wconf 86' lang='lat' dir='ltr'>justitia,</span> <span class='ocrx_word' id='word_1_181' title='bbox 1200 2902 1580 2982; x_wconf 88' lang='lat' dir='ltr'>fortitudo</span> <span class='ocrx_word' id='word_1_182' title='bbox 1606 2955 1628 2992; x_wconf 90' lang='lat'>‚</span> <span class='ocrx_word' id='word_1_183' title='bbox 1675 2903 2148 2994; x_wconf 87' lang='lat' dir='ltr'>continentia</span> <span class='ocrx_word' id='word_1_184' title='bbox 2183 2957 2206 2993; x_wconf 87' lang='lat'>,</span> <span class='ocrx_word' id='word_1_185' title='bbox 2242 2929 2422 3008; x_wconf 70' lang='lat' dir='ltr'>pro-1</span> 
     </span>
     <span class='ocr_line' id='line_1_23' title="bbox 147 3013 2423 3121; baseline 0.004 -33"><span class='ocrx_word' id='word_1_186' title='bbox 147 3016 319 3114; x_wconf 81' lang='lat' dir='ltr'>prijs</span> <span class='ocrx_word' id='word_1_187' title='bbox 376 3015 658 3116; x_wconf 82' lang='lat' dir='ltr'>officijs</span> <span class='ocrx_word' id='word_1_188' title='bbox 721 3021 797 3095; x_wconf 78' lang='grc' dir='ltr'>ὅ(</span> <span class='ocrx_word' id='word_1_189' title='bbox 872 3014 1010 3094; x_wconf 88' lang='lat' dir='ltr'>suo</span> <span class='ocrx_word' id='word_1_190' title='bbox 1057 3013 1216 3094; x_wconf 88' lang='lat' dir='ltr'>fine</span> <span class='ocrx_word' id='word_1_191' title='bbox 1287 3014 1826 3121; x_wconf 87' lang='lat' dir='ltr'>intelliguntur</span> <span class='ocrx_word' id='word_1_192' title='bbox 1880 3040 1898 3089; x_wconf 71' lang='grc' dir='ltr'>ε</span> <span class='ocrx_word' id='word_1_193' title='bbox 1980 3015 2423 3097; x_wconf 84' lang='lat' dir='ltr'>rhetoricen</span> 
     </span>
     <span class='ocr_line' id='line_1_24' title="bbox 143 3123 2424 3235; baseline -0.001 -28"><span class='ocrx_word' id='word_1_194' title='bbox 143 3141 457 3232; x_wconf 83' lang='lat' dir='ltr'>quoque&#39;</span> <span class='ocrx_word' id='word_1_195' title='bbox 476 3123 754 3207; x_wconf 80' lang='lat' dir='ltr'>dicunt</span> <span class='ocrx_word' id='word_1_196' title='bbox 797 3129 878 3204; x_wconf 89' lang='lat' dir='ltr'>in</span> <span class='ocrx_word' id='word_1_197' title='bbox 919 3152 1071 3206; x_wconf 86' lang='lat' dir='ltr'>una</span> <span class='ocrx_word' id='word_1_198' title='bbox 1117 3127 1374 3235; x_wconf 86' lang='lat' dir='ltr'>aliqua</span> <span class='ocrx_word' id='word_1_199' title='bbox 1425 3149 1640 3233; x_wconf 87' lang='lat' dir='ltr'>parte</span> <span class='ocrx_word' id='word_1_200' title='bbox 1680 3124 2163 3232; x_wconf 85' lang='lat' dir='ltr'>ponendam:</span> <span class='ocrx_word' id='word_1_201' title='bbox 2189 3128 2424 3230; x_wconf 88' lang='lat' dir='ltr'>eique</span> 
     </span>
     <span class='ocr_line' id='line_1_25' title="bbox 148 3230 2436 3348; baseline -0.001 -35"><span class='ocrx_word' id='word_1_202' title='bbox 148 3230 391 3316; x_wconf 86' lang='lat' dir='ltr'>locum</span> <span class='ocrx_word' id='word_1_203' title='bbox 430 3241 703 3318; x_wconf 84' lang='lat' dir='ltr'>ethice</span> <span class='ocrx_word' id='word_1_204' title='bbox 758 3237 1232 3341; x_wconf 84' lang='lat' dir='ltr'>negotialem</span> <span class='ocrx_word' id='word_1_205' title='bbox 1288 3233 1661 3348; x_wconf 76' lang='lat' dir='ltr'>assignant</span> <span class='ocrx_word' id='word_1_206' title='bbox 1696 3293 1720 3321; x_wconf 83' lang='lat'>‚</span> <span class='ocrx_word' id='word_1_207' title='bbox 1774 3233 1859 3314; x_wconf 88' lang='lat' dir='ltr'>id</span> <span class='ocrx_word' id='word_1_208' title='bbox 1881 3235 2032 3326; x_wconf 82' lang='lat' dir='ltr'>est,</span> <span class='ocrx_word' id='word_1_209' title='bbox 2069 3265 2436 3342; x_wconf 54' lang='grc' dir='ltr'>οιηιιιιφφωιι.»ι</span> 
     </span>
     <span class='ocr_line' id='line_1_26' title="bbox 137 3343 2418 3456; baseline 0.005 -40"><span class='ocrx_word' id='word_1_210' title='bbox 137 3343 307 3429; x_wconf 53' lang='lat'>7125».</span> <span class='ocrx_word' id='word_1_211' title='bbox 360 3354 537 3455; x_wconf 80' lang='lat' dir='ltr'>Ego</span> <span class='ocrx_word' id='word_1_212' title='bbox 601 3360 893 3456; x_wconf 90' lang='lat' dir='ltr'>(neque</span> <span class='ocrx_word' id='word_1_213' title='bbox 934 3346 1016 3427; x_wconf 88' lang='lat' dir='ltr'>id</span> <span class='ocrx_word' id='word_1_214' title='bbox 1057 3347 1212 3427; x_wconf 77' lang='lat' dir='ltr'>sine</span> <span class='ocrx_word' id='word_1_215' title='bbox 1250 3349 1731 3442; x_wconf 58' lang='lat' dir='ltr'>auctoribus)</span> <span class='ocrx_word' id='word_1_216' title='bbox 1793 3349 2200 3427; x_wconf 83' lang='lat' dir='ltr'>materiam</span> <span class='ocrx_word' id='word_1_217' title='bbox 2268 3347 2418 3428; x_wconf 76' lang='lat' dir='ltr'>effe</span> 
     </span>
     <span class='ocr_line' id='line_1_27' title="bbox 156 3453 2574 3569; baseline 0.001 -35"><span class='ocrx_word' id='word_1_218' title='bbox 156 3453 547 3540; x_wconf 85' lang='lat' dir='ltr'>rhetorices</span> <span class='ocrx_word' id='word_1_219' title='bbox 603 3459 904 3562; x_wconf 84' lang='lat' dir='ltr'>judico,</span> <span class='ocrx_word' id='word_1_220' title='bbox 987 3486 1261 3539; x_wconf 86' lang='lat' dir='ltr'>omnes</span> <span class='ocrx_word' id='word_1_221' title='bbox 1312 3487 1429 3539; x_wconf 85' lang='lat' dir='ltr'>res</span> <span class='ocrx_word' id='word_1_222' title='bbox 1478 3486 1958 3569; x_wconf 85' lang='lat' dir='ltr'>quaecunque</span> <span class='ocrx_word' id='word_1_223' title='bbox 2013 3462 2088 3537; x_wconf 86' lang='lat' dir='ltr'>ei</span> <span class='ocrx_word' id='word_1_224' title='bbox 2135 3458 2236 3538; x_wconf 87' lang='lat' dir='ltr'>ad</span> <span class='ocrx_word' id='word_1_225' title='bbox 2304 3456 2427 3537; x_wconf 61' lang='lat' dir='ltr'>dia</span> <span class='ocrx_word' id='word_1_226' title='bbox 2569 3555 2574 3560; x_wconf 83' lang='lat'><em>.</em></span> 
     </span>
     <span class='ocr_line' id='line_1_28' title="bbox 162 3567 2420 3675; baseline 0 -28"><span class='ocrx_word' id='word_1_227' title='bbox 162 3567 456 3650; x_wconf 73' lang='lat' dir='ltr'>cendum</span> <span class='ocrx_word' id='word_1_228' title='bbox 505 3572 865 3674; x_wconf 65' lang='lat' dir='ltr'>subjeaae</span> <span class='ocrx_word' id='word_1_229' title='bbox 913 3592 1165 3650; x_wconf 88' lang='lat' dir='ltr'>erunt.</span> <span class='ocrx_word' id='word_1_230' title='bbox 1255 3577 1464 3650; x_wconf 88' lang='lat' dir='ltr'>Nam</span> <span class='ocrx_word' id='word_1_231' title='bbox 1502 3576 1856 3651; x_wconf 82' lang='lat' dir='ltr'>Socrates</span> <span class='ocrx_word' id='word_1_232' title='bbox 1919 3567 2125 3675; x_wconf 89' lang='lat' dir='ltr'>apud</span> <span class='ocrx_word' id='word_1_233' title='bbox 2167 3570 2420 3649; x_wconf 87' lang='lat' dir='ltr'>Plato-</span> 
     </span>
     <span class='ocr_line' id='line_1_29' title="bbox 165 3677 2431 3790; baseline 0.002 -36"><span class='ocrx_word' id='word_1_234' title='bbox 165 3701 334 3754; x_wconf 86' lang='lat' dir='ltr'>nem</span> <span class='ocrx_word' id='word_1_235' title='bbox 366 3679 612 3762; x_wconf 85' lang='lat' dir='ltr'>dicere</span> <span class='ocrx_word' id='word_1_236' title='bbox 666 3684 985 3787; x_wconf 68' lang='lat' dir='ltr'>Gorgiae</span> <span class='ocrx_word' id='word_1_237' title='bbox 1041 3680 1346 3764; x_wconf 88' lang='lat' dir='ltr'>videtur</span> <span class='ocrx_word' id='word_1_238' title='bbox 1376 3736 1401 3772; x_wconf 90' lang='lat'>‚</span> <span class='ocrx_word' id='word_1_239' title='bbox 1457 3710 1622 3761; x_wconf 90' lang='lat' dir='ltr'>non</span> <span class='ocrx_word' id='word_1_240' title='bbox 1674 3685 1757 3762; x_wconf 87' lang='lat' dir='ltr'>in</span> <span class='ocrx_word' id='word_1_241' title='bbox 1793 3682 2064 3764; x_wconf 36' lang='lat' dir='ltr'>verbis‘</span> <span class='ocrx_word' id='word_1_242' title='bbox 2083 3677 2228 3759; x_wconf 74' lang='lat' dir='ltr'>esse</span> <span class='ocrx_word' id='word_1_243' title='bbox 2262 3708 2431 3790; x_wconf 81' lang='lat' dir='ltr'>rna-</span> 
     </span>
     <span class='ocr_line' id='line_1_30' title="bbox 152 3788 2426 3900; baseline 0.004 -36"><span class='ocrx_word' id='word_1_244' title='bbox 152 3788 417 3868; x_wconf 73' lang='lat' dir='ltr'>teriam</span> <span class='ocrx_word' id='word_1_245' title='bbox 443 3849 463 3882; x_wconf 86' lang='lat'>,</span> <span class='ocrx_word' id='word_1_246' title='bbox 506 3792 639 3873; x_wconf 70' lang='lat' dir='ltr'>{ed</span> <span class='ocrx_word' id='word_1_247' title='bbox 697 3797 783 3871; x_wconf 90' lang='lat' dir='ltr'>in</span> <span class='ocrx_word' id='word_1_248' title='bbox 821 3792 1073 3871; x_wconf 89' lang='lat' dir='ltr'>rebus.</span> <span class='ocrx_word' id='word_1_249' title='bbox 1162 3799 1254 3872; x_wconf 84' lang='lat' dir='ltr'>Et</span> <span class='ocrx_word' id='word_1_250' title='bbox 1295 3796 1381 3872; x_wconf 90' lang='lat' dir='ltr'>in</span> <span class='ocrx_word' id='word_1_251' title='bbox 1423 3791 1745 3874; x_wconf 85' lang='lat' dir='ltr'>Phaedro</span> <span class='ocrx_word' id='word_1_252' title='bbox 1801 3793 2102 3900; x_wconf 85' lang='lat' dir='ltr'>palam,</span> <span class='ocrx_word' id='word_1_253' title='bbox 2143 3817 2308 3874; x_wconf 89' lang='lat' dir='ltr'>non</span> <span class='ocrx_word' id='word_1_254' title='bbox 2340 3796 2426 3872; x_wconf 75' lang='lat' dir='ltr'>i‘n</span> 
     </span>
     <span class='ocr_line' id='line_1_31' title="bbox 142 3896 2424 4002; baseline 0.002 -25"><span class='ocrx_word' id='word_1_255' title='bbox 142 3896 420 4002; x_wconf 54' lang='lat' dir='ltr'>judicas</span> <span class='ocrx_word' id='word_1_256' title='bbox 466 3903 723 3984; x_wconf 85' lang='lat' dir='ltr'>modo</span> <span class='ocrx_word' id='word_1_257' title='bbox 774 3909 860 3983; x_wconf 84' lang='lat'>&amp;</span> <span class='ocrx_word' id='word_1_258' title='bbox 909 3905 1405 3984; x_wconf 85' lang='lat' dir='ltr'>concionibus</span> <span class='ocrx_word' id='word_1_259' title='bbox 1454 3961 1481 3988; x_wconf 83' lang='lat'>‚</span> <span class='ocrx_word' id='word_1_260' title='bbox 1555 3903 1687 3985; x_wconf 89' lang='lat' dir='ltr'>sed</span> <span class='ocrx_word' id='word_1_261' title='bbox 1752 3908 1839 3984; x_wconf 85' lang='lat' dir='ltr'>in</span> <span class='ocrx_word' id='word_1_262' title='bbox 1893 3904 2122 3985; x_wconf 78' lang='lat' dir='ltr'>rebus</span> <span class='ocrx_word' id='word_1_263' title='bbox 2182 3905 2424 3982; x_wconf 86' lang='lat' dir='ltr'>etiam</span> 
     </span>
     <span class='ocr_line' id='line_1_32' title="bbox 140 4009 2418 4113; baseline 0.002 -20"><span class='ocrx_word' id='word_1_264' title='bbox 140 4034 185 4113; x_wconf 82' lang='lat' dir='ltr'><strong>p</strong></span> <span class='ocrx_word' id='word_1_265' title='bbox 224 4009 428 4094; x_wconf 66' lang='lat' dir='ltr'>iratis</span> <span class='ocrx_word' id='word_1_266' title='bbox 477 4046 572 4097; x_wconf 85' lang='lat' dir='ltr'>ac</span> <span class='ocrx_word' id='word_1_267' title='bbox 653 4011 1113 4095; x_wconf 86' lang='lat' dir='ltr'>domesticis</span> <span class='ocrx_word' id='word_1_268' title='bbox 1183 4016 1637 4097; x_wconf 79' lang='lat' dir='ltr'>rhetoricen.</span> <span class='ocrx_word' id='word_1_269' title='bbox 1687 4015 1835 4097; x_wconf 73' lang='lat' dir='ltr'>ess&#39;e</span> <span class='ocrx_word' id='word_1_270' title='bbox 1910 4012 2418 4098; x_wconf 67' lang='lat' dir='ltr'>demonstrat«</span> 
     </span>
     <span class='ocr_line' id='line_1_33' title="bbox 1307 4126 2437 4220; baseline 0.008 -19"><span class='ocrx_word' id='word_1_271' title='bbox 1307 4130 1357 4211; x_wconf 81' lang='lat' dir='ltr'>S</span> <span class='ocrx_word' id='word_1_272' title='bbox 2056 4126 2241 4220; x_wconf 82' lang='lat' dir='ltr'>Quo</span> <span class='ocrx_word' id='word_1_273' title='bbox 2262 4146 2437 4210; x_wconf 45' lang='lat' dir='ltr'>mar</span> 
     </span>
    </p>
   </div>
  </div>
 </body>
</html>
