3557 5113
801 277 1049 394 206
1332 369 1336 373 .
1444 259 1589 379 Μ.
1685 243 2052 374 Fauii
2160 253 3108 403 QlNCT'miA'Ni

694 567 920 644 ca».
984 570 1037 645 1.
1140 561 1303 650 rei,
1366 555 1462 637 de
1517 584 1669 666 qua
1728 550 2147 636 dicendum
2194 551 2285 634 fit
2324 609 2347 645 ,
2432 549 2862 634 ostendunt.
2995 558 3179 633 Nam
3234 552 3350 637 five
3441 607 3442 638 ψ

1142 690 1556 778 propterea
1603 666 1820 776 quod
1860 668 2012 763 ὀίμη
2056 693 2326 746 canna
2356 663 2467 744 est
2496 717 2521 756 ,
2579 670 2662 745 δι
2727 661 3108 745 citharoedi
3164 692 3348 771 pauca

1144 782 1313 867 illa,
1368 808 1578 888 quae,
1612 802 2043 888 antequam!
2088 777 2532 884 legitimum
2575 785 2966 859 certamen
3021 777 3355 860 inchoent,

1140 891 1540 973 emerendi
1575 892 1859 972 favoris
1899 887 2144 995 gratia
2184 911 2468 969 canunt
2489 943 2514 979 ,
2553 899 2967 997 praa-mium
3018 892 3351 994 cognomi·

1138 1026 1554 1096 naverunt;
1620 1026 1970 1083 oratores
2010 1027 2321 1107 quoque
2359 1027 2491 1083 ea,
2526 1027 2696 1107 quae
2733 1006 2938 1107 prius
2986 1026 3198 1107 quam
3229 1027 3357 1078 cau-

1129 1115 1292 1195 sam
1341 1111 1879 1204 exordiantur,
1945 1110 2042 1192 ad
2089 1109 2612 1192 conciliandos
2659 1111 2797 1192 sibi
2864 1110 3183 1214 judicum
3241 1114 3361 1190 ani‹
3442 1087 3444 1180 l

1134 1254 1314 1308 mos
1329 1225 1939 1334 praeloquuntur,
1965 1220 2236 1303 eadem
2272 1222 2784 1328 appellatione
2805 1223 3173 1331 fignarunt
3197 1253 3212 1300 ε
3246 1220 3360 1301 sive

1135 1337 1355 1448 quod
1403 1332 1604 1436 οἵμου
1652 1336 1894 1417 iidem
1923 1337 2177 1415 Graeci
2201 1343 2405 1414 viam
2447 1335 2885 1441 appellant3
2933 1334 3014 1415 id
3049 1330 3238 1442 quod
3267 1359 3365 1411 an-

1131 1471 1209 1529 te
1251 1446 1663 1556 ingreffum
1715 1452 1828 1528 rei
1866 1449 2220 1553 ponitur,
2284 1444 2384 1524 fic
2439 1472 2718 1526 vocare
2777 1447 2888 1526 est
2932 1445 3359 1526 institutum:

1128 1582 1336 1641 certe
1359 1563 1838 1666 prooemium
1871 1558 2026 1647 est,
2077 1554 2292 1664 quod
2324 1555 2532 1663 apud
2572 1556 2911 1658 judicem
2950 1561 3147 1666 prius
3177 1580 3359 1662 quam

1129 1671 1435 1753 causam
1481 1672 1945 1776 cognoverit
1969 1723 1996 1758 ‚
2062 1667 2320 1775 profit.
2415 1669 2865 1778 Vitioseque
2916 1672 2992 1748 in
3053 1668 3250 1748 scolis
3291 1665 3367 1742 fa-

1128 1788 1373 1862 cimus
1404 1837 1429 1873 ,
1487 1780 1706 1889 quod
1756 1779 2085 1860 exordio
2145 1778 2447 1884 semper
2491 1779 2593 1861 fic
2629 1785 2926 1865 utimur
2946 1836 2968 1873 ‚
3011 1779 3202 1888 quafi
3231 1804 3363 1855 cau-

1125 1893 1287 1973 sam
1334 1890 1568 1995 judex
1619 1896 1781 1996 jam
1852 1894 2180 1972 noverit.
2279 1892 2515 1992 Cujus
2571 1896 2684 1971 rei
2737 1891 3056 1973 licentia
3113 1918 3200 1970 ex
3249 1887 3365 1966 hoc

1126 2003 1282 2092 est,
1335 2000 1550 2110 quod
1596 2026 1775 2084 ante
1820 1999 2477 2082 declamationem
2529 2003 2664 2082 illa
2688 2004 2923 2088 velut
2977 2008 3219 2109 imago
3249 1999 3370 2078 litis

1125 2120 1563 2220 exponitur.
1746 2110 1900 2193 Sed
1955 2116 2039 2193 in
2101 2114 2284 2192 foro
2352 2139 2670 2220 quoque
2726 2119 3175 2223 contingere
3221 2102 3374 2190 istud

1128 2228 1701 2333 principiorum
1740 2252 1984 2330 genus
2037 2221 2384 2304 secundis
2443 2225 2871 2330 astionibus
2935 2227 3175 2335 potest
3240 2222 3372 2328 qui-

1126 2336 1364 2416 dem:
1460 2339 1729 2443 primis
1789 2364 1969 2414 raro
2028 2362 2428 2443 unquam3
2513 2336 2653 2417 nisi
2709 2338 2918 2419 forte
2971 2335 3169 2445 apud
3234 2353 3376 2412 eum

1126 2451 1255 2528 cui
1310 2473 1430 2527 res
1470 2445 1780 2527 aliunde
1823 2450 1983 2548 jam
2032 2469 2219 2526 nota
2271 2445 2408 2538 fit,
2460 2446 2814 2538 dicimus.
2933 2448 3165 2533 Causa
3212 2447 3377 2553 prin·

1129 2562 1315 2666 cipii
1343 2559 1555 2639 nulla
1611 2558 1723 2639 est
1753 2558 1942 2650 alia,
2000 2585 2240 2667 quam
2284 2581 2375 2645 ut
2435 2547 2922 2649 auditorem,
2974 2588 3131 2672 quo
3161 2556 3240 2638 fit
3269 2581 3377 2636 no-

1127 2671 1245 2752 bis
1291 2673 1375 2749 in
1417 2674 1704 2750 caeteris
1742 2671 2081 2776 partibus
2120 2672 2833 2762 accommodatior,
2888 2693 3370 2783 praeparemus.

1126 2780 1213 2862 ld
1267 2781 1438 2860 fieri
1502 2781 1738 2861 tribus
1794 2783 2138 2861 maxime
2192 2784 2461 2885 rebus2
2533 2787 2739 2865 inter
2797 2789 3143 2868 auctores
3190 2779 3380 2887 pluri·

1124 2920 1302 2972 mos
1348 2892 1688 2985 constat3
1743 2888 1804 2971 si
1852 2891 2322 2973 benevolum
2343 2949 2367 2977 ‚
2418 2917 2805 2977 attentum
2827 2954 2864 2992 ,⁴
2918 2896 3246 2979 docilem
3298 2889 3384 2969 fe-

1125 3006 1464 3083 cerimus
1511 3034 1528 3082 ε
1636 3030 1806 3081 non
1852 3007 2029 3112 quia
2085 3004 2225 3082 ista
2283 3032 2448 3083 non
2489 3033 2631 3112 per
2705 3031 2962 3090 totam
3052 3009 3384 3088 aCtionem

1118 3112 1267 3195 sint
1349 3111 1848 3195 custodienda
1901 3170 1928 3206 ,
2014 3113 2144 3195 sed
2215 3120 2395 3224 quia
2491 3121 2727 3200 initiis
2826 3123 3208 3229 praecipue
3282 3136 3388 3191 ne-

1126 3226 1475 3320 cellaria3
1558 3224 1679 3306 ¹er
1736 3252 1906 3334 quae
1962 3230 2047 3307 in
2098 3233 2449 3309 animum
2502 3229 2818 3333 judicis»,
2881 3255 2969 3313 ut
3010 3224 3389 3339 procedere

1121 3338 1327 3416 ultra
1377 3364 1484 3441 po
1549 3365 1747 3417 imus
1785 3394 1809 3428 ,
1882 3337 2390 3423 admittimur.
2499 3343 3150 3424 Benevolentiam
3206 3357 3321 3417 aut
3357 3358 3395 3410 a

1124 3448 1466 3553 personis
1520 3446 1870 3529 ducimus
1897 3505 1921 3540 ,
1975 3473 2106 3530 aut
2156 3477 2197 3528 a
2245 3449 2477 3531 causis
2523 3480 2608 3533 ac
2657 3456 2682 3533 i
2741 3458 2993 3537 imus:
3070 3450 3198 3533 sed
3256 3474 3395 3556 per·

1020 3552 1031 3565 ⁸
1104 3557 1485 3637 -sonarum
1554 3586 1717 3637 non
1762 3560 1872 3639 est
1927 3570 2057 3645 (ut
2115 3559 2469 3671 plerique
2522 3482 3082 3664 credpiderunt)
3152 3560 3398 3668 triplex

1122 3691 1427 3747 tantum
1470 3673 1668 3749 ratio
1692 3726 1715 3760 ,
1759 3698 1856 3749 ex
1906 3672 2296 3779 litigatore
2317 3728 2342 3764 ‚
2384 3678 2465 3753 &
2505 3674 2990 3769 adversario,
3045 3682 3123 3758 δ(
3158 3673 3397 3777 judice.

1116 3786 1324 3859 Nam
1385 3779 1796 3861 exordium
1856 3781 2037 3862 duci
2090 3810 2650 3894 nonnunquam
2714 3793 2961 3870 etiam
3017 3789 3111 3869 ab
3174 3785 3399 3867 auore

1117 3890 1350 3971 c‘ausae
1403 3890 1613 3985 solet.
1711 3897 2179 4001 Qanquam
2255 3900 2466 3975 enim
2527 3905 2891 4004 pauciora
2956 3900 3058 3982 de
3123 3898 3196 3978 se
3261 3891 3403 4000 ipso

1117 4001 1305 4087 dicit
1365 4008 1446 4084 ὅ(
1514 4008 1816 4114 parcius
1851 4062 1877 4099 ,
1940 4007 2373 4115 plurimum
2424 4033 2689 4092 tamen
2741 4012 2844 4094 ad
2926 4015 3200 4096 omnia
3253 4034 3404 4087 mo·

3181 4137 3396 4202 menti
