<?xml version="1.0" encoding="UTF-8"?>
<!DOCTYPE html PUBLIC "-//W3C//DTD XHTML 1.0 Transitional//EN"
    "http://www.w3.org/TR/xhtml1/DTD/xhtml1-transitional.dtd">
<html xmlns="http://www.w3.org/1999/xhtml" xml:lang="en" lang="en">
 <head>
  <title>
</title>
<meta http-equiv="Content-Type" content="text/html;charset=utf-8" />
  <meta name='ocr-system' content='tesseract 3.04.00' />
  <meta name='ocr-capabilities' content='ocr_page ocr_carea ocr_par ocr_line ocrx_word'/>
</head>
<body>
  <div class='ocr_page' id='page_1' title='image "./deinstitutioneo00obregoog_0422.png"; bbox 0 0 3557 5113; ppageno 0'>
   <div class='ocr_carea' id='block_1_1' title="bbox 796 244 3176 410">
    <p class='ocr_par' dir='ltr' id='par_1_1' title="bbox 796 244 3176 410">
     <span class='ocr_line' id='line_1_1' title="bbox 796 244 3176 410; baseline -0.007 -24"><span class='ocrx_word' id='word_1_1' title='bbox 796 286 1027 410; x_wconf 78' lang='lat'>278</span> <span class='ocrx_word' id='word_1_2' title='bbox 1291 244 1566 371; x_wconf 58' lang='lat' dir='ltr'>&#39;&#39;Mss</span> <span class='ocrx_word' id='word_1_3' title='bbox 1675 264 2040 371; x_wconf 77' lang='lat' dir='ltr'>FAn‘ii</span> <span class='ocrx_word' id='word_1_4' title='bbox 2194 260 3176 403; x_wconf 62' lang='lat' dir='ltr'>ch&#39;ritiaui</span> 
     </span>
    </p>
   </div>
   <div class='ocr_carea' id='block_1_2' title="bbox 712 550 3428 4107">
    <p class='ocr_par' dir='ltr' id='par_1_2' title="bbox 712 550 3428 4107">
     <span class='ocr_line' id='line_1_2' title="bbox 712 550 3394 660; baseline -0.001 -23"><span class='ocrx_word' id='word_1_5' title='bbox 712 567 898 645; x_wconf 65' lang='lat' dir='ltr'>cmv.</span> <span class='ocrx_word' id='word_1_6' title='bbox 938 561 1039 645; x_wconf 89' lang='lat' dir='ltr'>X.</span> <span class='ocrx_word' id='word_1_7' title='bbox 1131 580 1301 637; x_wconf 86' lang='lat' dir='ltr'>ram</span> <span class='ocrx_word' id='word_1_8' title='bbox 1355 554 1746 660; x_wconf 75' lang='lat' dir='ltr'>reperias,</span> <span class='ocrx_word' id='word_1_9' title='bbox 1786 550 1918 631; x_wconf 91' lang='lat' dir='ltr'>ubi</span> <span class='ocrx_word' id='word_1_10' title='bbox 1971 578 2297 659; x_wconf 82' lang='lat' dir='ltr'>quaeque</span> <span class='ocrx_word' id='word_1_11' title='bbox 2354 552 2554 634; x_wconf 82' lang='lat' dir='ltr'>nasci</span> <span class='ocrx_word' id='word_1_12' title='bbox 2601 577 2731 632; x_wconf 80' lang='lat' dir='ltr'>aut</span> <span class='ocrx_word' id='word_1_13' title='bbox 2794 558 3081 630; x_wconf 85' lang='lat' dir='ltr'>morari</span> <span class='ocrx_word' id='word_1_14' title='bbox 3146 554 3394 644; x_wconf 81' lang='lat' dir='ltr'>soleat,</span> 
     </span>
     <span class='ocr_line' id='line_1_3' title="bbox 1129 664 3393 772; baseline -0 -27"><span class='ocrx_word' id='word_1_15' title='bbox 1129 667 1475 772; x_wconf 80' lang='lat' dir='ltr'>ignarus:</span> <span class='ocrx_word' id='word_1_16' title='bbox 1569 671 1646 745; x_wconf 75' lang='grc' dir='ltr'>ὅ(</span> <span class='ocrx_word' id='word_1_17' title='bbox 1689 664 2013 770; x_wconf 79' lang='lat' dir='ltr'>piscium</span> <span class='ocrx_word' id='word_1_18' title='bbox 2072 690 2384 770; x_wconf 87' lang='lat' dir='ltr'>quoque</span> <span class='ocrx_word' id='word_1_19' title='bbox 2436 691 2738 772; x_wconf 83' lang='lat' dir='ltr'>genera·</span> <span class='ocrx_word' id='word_1_20' title='bbox 2770 666 2916 741; x_wconf 76' lang='lat' dir='ltr'>:ilia</span> <span class='ocrx_word' id='word_1_21' title='bbox 2966 665 3216 768; x_wconf 81' lang='lat' dir='ltr'>planis</span> <span class='ocrx_word' id='word_1_22' title='bbox 3245 693 3393 772; x_wconf 74' lang='lat' dir='ltr'>gau·</span> 
     </span>
     <span class='ocr_line' id='line_1_4' title="bbox 1131 774 3392 882; baseline 0 -28"><span class='ocrx_word' id='word_1_23' title='bbox 1131 777 1320 865; x_wconf 86' lang='lat' dir='ltr'>dent</span> <span class='ocrx_word' id='word_1_24' title='bbox 1348 828 1372 863; x_wconf 91' lang='lat'>,</span> <span class='ocrx_word' id='word_1_25' title='bbox 1463 775 1610 854; x_wconf 86' lang='lat' dir='ltr'>alia</span> <span class='ocrx_word' id='word_1_26' title='bbox 1639 774 1928 873; x_wconf 41' lang='lat' dir='ltr'>,saxosis</span> <span class='ocrx_word' id='word_1_27' title='bbox 1957 828 1977 864; x_wconf 88' lang='lat'>,</span> <span class='ocrx_word' id='word_1_28' title='bbox 2071 777 2515 881; x_wconf 78' lang='lat' dir='ltr'>regionibus</span> <span class='ocrx_word' id='word_1_29' title='bbox 2588 780 2824 856; x_wconf 90' lang='lat' dir='ltr'>etiam</span> <span class='ocrx_word' id='word_1_30' title='bbox 2893 777 3392 882; x_wconf 73' lang='lat' dir='ltr'>littoribuique</span> 
     </span>
     <span class='ocr_line' id='line_1_5' title="bbox 997 886 3390 993; baseline -0.001 -26"><span class='ocrx_word' id='word_1_31' title='bbox 997 975 1006 985; x_wconf 52' lang='grc'><em>,</em></span> <span class='ocrx_word' id='word_1_32' title='bbox 1128 886 1449 967; x_wconf 65' lang='lat' dir='ltr'>discreta</span> <span class='ocrx_word' id='word_1_33' title='bbox 1489 886 1704 975; x_wconf 88' lang='lat' dir='ltr'>sunt,</span> <span class='ocrx_word' id='word_1_34' title='bbox 1758 912 1903 966; x_wconf 90' lang='lat' dir='ltr'>nec</span> <span class='ocrx_word' id='word_1_35' title='bbox 1942 886 2313 993; x_wconf 84' lang='lat' dir='ltr'><strong>helopem</strong></span> <span class='ocrx_word' id='word_1_36' title='bbox 2357 886 2623 969; x_wconf 87' lang='lat' dir='ltr'>nostro</span> <span class='ocrx_word' id='word_1_37' title='bbox 2662 891 2900 975; x_wconf 86' lang='lat' dir='ltr'>mari,</span> <span class='ocrx_word' id='word_1_38' title='bbox 2965 909 3093 965; x_wconf 87' lang='lat' dir='ltr'>aut</span> <span class='ocrx_word' id='word_1_39' title='bbox 3135 888 3390 966; x_wconf 85' lang='lat' dir='ltr'>scarum</span> 
     </span>
     <span class='ocr_line' id='line_1_6' title="bbox 1125 996 3393 1105; baseline 0 -28"><span class='ocrx_word' id='word_1_40' title='bbox 1125 996 1412 1089; x_wconf 81' lang='lat' dir='ltr'>ducas:</span> <span class='ocrx_word' id='word_1_41' title='bbox 1502 1000 1609 1076; x_wconf 87' lang='lat' dir='ltr'>ita</span> <span class='ocrx_word' id='word_1_42' title='bbox 1650 1022 1815 1077; x_wconf 90' lang='lat' dir='ltr'>non</span> <span class='ocrx_word' id='word_1_43' title='bbox 1872 1027 2110 1077; x_wconf 90' lang='lat' dir='ltr'>omne</span> <span class='ocrx_word' id='word_1_44' title='bbox 2168 1022 2713 1105; x_wconf 85' lang='lat' dir='ltr'><strong>argumentum</strong></span> <span class='ocrx_word' id='word_1_45' title='bbox 2780 996 3118 1104; x_wconf 84' lang='lat' dir='ltr'>undique</span> <span class='ocrx_word' id='word_1_46' title='bbox 3180 1002 3393 1077; x_wconf 85' lang='lat' dir='ltr'>venit:</span> 
     </span>
     <span class='ocr_line' id='line_1_7' title="bbox 1124 1104 3394 1217; baseline 0 -30"><span class='ocrx_word' id='word_1_47' title='bbox 1124 1107 1456 1215; x_wconf 87' lang='lat' dir='ltr'>ideoque</span> <span class='ocrx_word' id='word_1_48' title='bbox 1494 1138 1652 1189; x_wconf 90' lang='lat' dir='ltr'>non</span> <span class='ocrx_word' id='word_1_49' title='bbox 1705 1104 1978 1214; x_wconf 79' lang='lat' dir='ltr'>passim</span> <span class='ocrx_word' id='word_1_50' title='bbox 2022 1110 2524 1217; x_wconf 82' lang='lat' dir='ltr'>quaerendum</span> <span class='ocrx_word' id='word_1_51' title='bbox 2573 1111 2701 1189; x_wconf 86' lang='lat' dir='ltr'>est.</span> <span class='ocrx_word' id='word_1_52' title='bbox 2752 1109 3041 1189; x_wconf 87' lang='lat' dir='ltr'>Multus</span> <span class='ocrx_word' id='word_1_53' title='bbox 3085 1110 3394 1217; x_wconf 88' lang='lat' dir='ltr'>alioquin</span> 
     </span>
     <span class='ocr_line' id='line_1_8' title="bbox 1121 1220 3395 1329; baseline 0 -31"><span class='ocrx_word' id='word_1_54' title='bbox 1121 1248 1345 1299; x_wconf 86' lang='lat' dir='ltr'>error</span> <span class='ocrx_word' id='word_1_55' title='bbox 1419 1221 1528 1299; x_wconf 88' lang='lat' dir='ltr'>est</span> <span class='ocrx_word' id='word_1_56' title='bbox 1585 1253 1602 1299; x_wconf 91' lang='lat'>:</span> <span class='ocrx_word' id='word_1_57' title='bbox 1686 1227 1764 1302; x_wconf 86' lang='lat'>&amp;</span> <span class='ocrx_word' id='word_1_58' title='bbox 1813 1222 2181 1300; x_wconf 77' lang='lat' dir='ltr'>exhausto</span> <span class='ocrx_word' id='word_1_59' title='bbox 2236 1223 2498 1301; x_wconf 86' lang='lat' dir='ltr'>labore</span> <span class='ocrx_word' id='word_1_60' title='bbox 2534 1278 2556 1311; x_wconf 89' lang='lat'>‚</span> <span class='ocrx_word' id='word_1_61' title='bbox 2629 1220 2843 1329; x_wconf 89' lang='lat' dir='ltr'>quod</span> <span class='ocrx_word' id='word_1_62' title='bbox 2906 1248 3064 1299; x_wconf 90' lang='lat' dir='ltr'>non</span> <span class='ocrx_word' id='word_1_63' title='bbox 3122 1226 3395 1301; x_wconf 80' lang='lat' dir='ltr'>ratione</span> 
     </span>
     <span class='ocr_line' id='line_1_9' title="bbox 1115 1329 3397 1439; baseline 0 -29"><span class='ocrx_word' id='word_1_64' title='bbox 1115 1331 1677 1439; x_wconf 69' lang='lat' dir='ltr'>scrutabimur,</span> <span class='ocrx_word' id='word_1_65' title='bbox 1731 1361 1895 1412; x_wconf 88' lang='lat' dir='ltr'>non</span> <span class='ocrx_word' id='word_1_66' title='bbox 1938 1336 2397 1439; x_wconf 63' lang='lat' dir='ltr'>rpoterimus</span> <span class='ocrx_word' id='word_1_67' title='bbox 2450 1338 2794 1412; x_wconf 88' lang='lat' dir='ltr'>invenire</span> <span class='ocrx_word' id='word_1_68' title='bbox 2847 1329 2985 1410; x_wconf 84' lang='lat' dir='ltr'>uisi</span> <span class='ocrx_word' id='word_1_69' title='bbox 3044 1335 3232 1411; x_wconf 79' lang='lat' dir='ltr'>casii.</span> <span class='ocrx_word' id='word_1_70' title='bbox 3314 1341 3397 1411; x_wconf 81' lang='lat' dir='ltr'>At</span> 
     </span>
     <span class='ocr_line' id='line_1_10' title="bbox 1120 1440 3394 1550; baseline -0 -28"><span class='ocrx_word' id='word_1_71' title='bbox 1120 1442 1178 1522; x_wconf 86' lang='lat' dir='ltr'><strong>fi</strong></span> <span class='ocrx_word' id='word_1_72' title='bbox 1240 1444 1632 1524; x_wconf 85' lang='lat' dir='ltr'>scierimus</span> <span class='ocrx_word' id='word_1_73' title='bbox 1699 1446 1831 1523; x_wconf 89' lang='lat' dir='ltr'>ubi</span> <span class='ocrx_word' id='word_1_74' title='bbox 1879 1469 2200 1550; x_wconf 84' lang='lat' dir='ltr'>quaeque</span> <span class='ocrx_word' id='word_1_75' title='bbox 2260 1442 2697 1545; x_wconf 70' lang='lat' dir='ltr'>uastantur,</span> <span class='ocrx_word' id='word_1_76' title='bbox 2751 1471 2935 1523; x_wconf 87' lang='lat' dir='ltr'>cum</span> <span class='ocrx_word' id='word_1_77' title='bbox 2993 1440 3089 1522; x_wconf 89' lang='lat' dir='ltr'>ad</span> <span class='ocrx_word' id='word_1_78' title='bbox 3155 1444 3394 1523; x_wconf 89' lang='lat' dir='ltr'>locum</span> 
     </span>
     <span class='ocr_line' id='line_1_11' title="bbox 1124 1550 3398 1660; baseline -0.002 -25"><span class='ocrx_word' id='word_1_79' title='bbox 1124 1579 1454 1655; x_wconf 70' lang='lat' dir='ltr'>ventum</span> <span class='ocrx_word' id='word_1_80' title='bbox 1508 1559 1652 1634; x_wconf 91' lang='lat' dir='ltr'>erit</span> <span class='ocrx_word' id='word_1_81' title='bbox 1689 1608 1710 1643; x_wconf 90' lang='lat'>‚</span> <span class='ocrx_word' id='word_1_82' title='bbox 1777 1553 1997 1634; x_wconf 90' lang='lat' dir='ltr'>facile</span> <span class='ocrx_word' id='word_1_83' title='bbox 2046 1550 2263 1660; x_wconf 89' lang='lat' dir='ltr'>quod</span> <span class='ocrx_word' id='word_1_84' title='bbox 2309 1556 2387 1635; x_wconf 87' lang='lat' dir='ltr'>in</span> <span class='ocrx_word' id='word_1_85' title='bbox 2442 1583 2544 1635; x_wconf 90' lang='lat' dir='ltr'>eo</span> <span class='ocrx_word' id='word_1_86' title='bbox 2596 1555 2748 1645; x_wconf 89' lang='lat' dir='ltr'>est,</span> <span class='ocrx_word' id='word_1_87' title='bbox 2835 1553 3398 1659; x_wconf 79' lang='lat' dir='ltr'>pervidebimus,</span> 
     </span>
     <span class='ocr_line' id='line_1_12' title="bbox 1127 1655 3400 1773; baseline -0.002 -26"><span class='ocrx_word' id='word_1_88' title='bbox 1127 1670 1487 1773; x_wconf 80' lang='lat' dir='ltr'>lnprimis</span> <span class='ocrx_word' id='word_1_89' title='bbox 1541 1669 1774 1769; x_wconf 86' lang='lat' dir='ltr'>igitur</span> <span class='ocrx_word' id='word_1_90' title='bbox 1827 1655 2282 1769; x_wconf 82' lang='lat' dir='ltr'>argumenta</span> <span class='ocrx_word' id='word_1_91' title='bbox 2366 1665 2557 1769; x_wconf 84' lang='lat' dir='ltr'>saepe</span> <span class='ocrx_word' id='word_1_92' title='bbox 2616 1695 2657 1747; x_wconf 86' lang='lat' dir='ltr'>a</span> <span class='ocrx_word' id='word_1_93' title='bbox 2709 1664 3030 1772; x_wconf 84' lang='lat' dir='ltr'>persona</span> <span class='ocrx_word' id='word_1_94' title='bbox 3078 1662 3400 1745; x_wconf 84' lang='lat' dir='ltr'>ducenda</span> 
     </span>
     <span class='ocr_line' id='line_1_13' title="bbox 1126 1771 3390 1868; baseline -0.003 -9"><span class='ocrx_word' id='word_1_95' title='bbox 1126 1781 1342 1865; x_wconf 87' lang='lat' dir='ltr'>sunt:</span> <span class='ocrx_word' id='word_1_96' title='bbox 1415 1802 1598 1868; x_wconf 87' lang='lat' dir='ltr'>cum</span> <span class='ocrx_word' id='word_1_97' title='bbox 1659 1773 1789 1862; x_wconf 85' lang='lat' dir='ltr'>fit,</span> <span class='ocrx_word' id='word_1_98' title='bbox 1857 1797 1940 1854; x_wconf 92' lang='lat' dir='ltr'>ut</span> <span class='ocrx_word' id='word_1_99' title='bbox 1988 1771 2196 1864; x_wconf 84' lang='lat' dir='ltr'>dixi,</span> <span class='ocrx_word' id='word_1_100' title='bbox 2262 1775 2536 1856; x_wconf 75' lang='lat' dir='ltr'>divisio</span> <span class='ocrx_word' id='word_1_101' title='bbox 2574 1833 2594 1866; x_wconf 91' lang='lat'>,</span> <span class='ocrx_word' id='word_1_102' title='bbox 2645 1803 2731 1856; x_wconf 83' lang='lat' dir='ltr'>ut</span> <span class='ocrx_word' id='word_1_103' title='bbox 2788 1781 3056 1856; x_wconf 78' lang='lat' dir='ltr'>omnia</span> <span class='ocrx_word' id='word_1_104' title='bbox 3108 1781 3191 1856; x_wconf 89' lang='lat' dir='ltr'>in</span> <span class='ocrx_word' id='word_1_105' title='bbox 3253 1778 3390 1856; x_wconf 77' lang='lat' dir='ltr'>haec</span> 
     </span>
     <span class='ocr_line' id='line_1_14' title="bbox 1126 1887 3399 1993; baseline -0.002 -22"><span class='ocrx_word' id='word_1_106' title='bbox 1126 1890 1285 1971; x_wconf 90' lang='lat' dir='ltr'>duo</span> <span class='ocrx_word' id='word_1_107' title='bbox 1326 1889 1790 1992; x_wconf 80' lang='lat' dir='ltr'>partiamur,</span> <span class='ocrx_word' id='word_1_108' title='bbox 1850 1912 1966 1965; x_wconf 90' lang='lat' dir='ltr'>res</span> <span class='ocrx_word' id='word_1_109' title='bbox 2016 1909 2246 1992; x_wconf 89' lang='lat' dir='ltr'>atque</span> <span class='ocrx_word' id='word_1_110' title='bbox 2307 1887 2701 1993; x_wconf 85' lang='lat' dir='ltr'>personas:</span> <span class='ocrx_word' id='word_1_111' title='bbox 2769 1910 2853 1965; x_wconf 90' lang='lat' dir='ltr'>ut</span> <span class='ocrx_word' id='word_1_112' title='bbox 2904 1888 3161 1979; x_wconf 83' lang='lat' dir='ltr'>causa,</span> <span class='ocrx_word' id='word_1_113' title='bbox 3232 1911 3399 1969; x_wconf 89' lang='lat' dir='ltr'>tem-</span> 
     </span>
     <span class='ocr_line' id='line_1_15' title="bbox 1122 1994 3400 2107; baseline 0.001 -29"><span class='ocrx_word' id='word_1_114' title='bbox 1122 2027 1304 2107; x_wconf 87' lang='lat' dir='ltr'>pus,</span> <span class='ocrx_word' id='word_1_115' title='bbox 1370 1997 1630 2086; x_wconf 89' lang='lat' dir='ltr'>locus,</span> <span class='ocrx_word' id='word_1_116' title='bbox 1676 1995 2020 2087; x_wconf 76' lang='lat' dir='ltr'>occasio,</span> <span class='ocrx_word' id='word_1_117' title='bbox 2071 1998 2676 2078; x_wconf 84' lang='lat' dir='ltr'>’instrumentum</span> <span class='ocrx_word' id='word_1_118' title='bbox 2711 2054 2732 2088; x_wconf 95' lang='lat'>,</span> <span class='ocrx_word' id='word_1_119' title='bbox 2799 1994 3125 2085; x_wconf 90' lang='lat' dir='ltr'>modus,</span> <span class='ocrx_word' id='word_1_120' title='bbox 3170 2007 3247 2080; x_wconf 86' lang='lat'>&amp;</span> <span class='ocrx_word' id='word_1_121' title='bbox 3283 2029 3400 2079; x_wconf 84' lang='lat' dir='ltr'>cae-</span> 
     </span>
     <span class='ocr_line' id='line_1_16' title="bbox 1123 2106 3399 2219; baseline -0.001 -28"><span class='ocrx_word' id='word_1_122' title='bbox 1123 2134 1328 2204; x_wconf 87' lang='lat' dir='ltr'>tera,</span> <span class='ocrx_word' id='word_1_123' title='bbox 1369 2136 1636 2187; x_wconf 90' lang='lat' dir='ltr'>rerum</span> <span class='ocrx_word' id='word_1_124' title='bbox 1665 2106 1811 2210; x_wconf 86' lang='lat' dir='ltr'>fint</span> <span class='ocrx_word' id='word_1_125' title='bbox 1840 2106 2286 2209; x_wconf 85' lang='lat' dir='ltr'>accidentia.</span> <span class='ocrx_word' id='word_1_126' title='bbox 2347 2108 2692 2188; x_wconf 87' lang='lat' dir='ltr'>Personis</span> <span class='ocrx_word' id='word_1_127' title='bbox 2728 2131 2988 2187; x_wconf 86' lang='lat' dir='ltr'>autem</span> <span class='ocrx_word' id='word_1_128' title='bbox 3024 2115 3399 2219; x_wconf 27' lang='lat' dir='ltr'>non‘quic-</span> 
     </span>
     <span class='ocr_line' id='line_1_17' title="bbox 1122 2217 3400 2330; baseline -0.001 -28"><span class='ocrx_word' id='word_1_129' title='bbox 1122 2217 1316 2330; x_wconf 82' lang='lat' dir='ltr'>quid</span> <span class='ocrx_word' id='word_1_130' title='bbox 1411 2218 1738 2318; x_wconf 83' lang='lat' dir='ltr'>accidit,</span> <span class='ocrx_word' id='word_1_131' title='bbox 1856 2219 2401 2326; x_wconf 82' lang='lat' dir='ltr'>exequendum</span> <span class='ocrx_word' id='word_1_132' title='bbox 2472 2220 2666 2301; x_wconf 87' lang='lat' dir='ltr'>mihi</span> <span class='ocrx_word' id='word_1_133' title='bbox 2777 2220 2885 2298; x_wconf 90' lang='lat' dir='ltr'>est</span> <span class='ocrx_word' id='word_1_134' title='bbox 2907 2256 2930 2308; x_wconf 90' lang='lat'>,-</span> <span class='ocrx_word' id='word_1_135' title='bbox 2982 2292 2987 2299; x_wconf 90' lang='lat'><strong>.</strong></span> <span class='ocrx_word' id='word_1_136' title='bbox 3074 2225 3400 2329; x_wconf 85' lang='lat' dir='ltr'>plerique</span> 
     </span>
     <span class='ocr_line' id='line_1_18' title="bbox 1122 2327 3401 2437; baseline -0 -23"><span class='ocrx_word' id='word_1_137' title='bbox 1122 2333 1278 2414; x_wconf 88' lang='lat' dir='ltr'>hoc</span> <span class='ocrx_word' id='word_1_138' title='bbox 1328 2330 1709 2429; x_wconf 81' lang='lat' dir='ltr'>fecerunt:</span> <span class='ocrx_word' id='word_1_139' title='bbox 1804 2327 1936 2409; x_wconf 90' lang='lat' dir='ltr'>sed</span> <span class='ocrx_word' id='word_1_140' title='bbox 1960 2329 2163 2410; x_wconf 89' lang='lat' dir='ltr'>unde</span> <span class='ocrx_word' id='word_1_141' title='bbox 2206 2354 2658 2437; x_wconf 80' lang='lat' dir='ltr'>argument-a</span> <span class='ocrx_word' id='word_1_142' title='bbox 2708 2330 2903 2409; x_wconf 89' lang='lat' dir='ltr'>sumi</span> <span class='ocrx_word' id='word_1_143' title='bbox 2949 2332 3281 2436; x_wconf 75' lang='lat' dir='ltr'>poss&#39;unt.</span> <span class='ocrx_word' id='word_1_144' title='bbox 3311 2327 3401 2413; x_wconf 84' lang='lat' dir='ltr'>Ea</span> 
     </span>
     <span class='ocr_line' id='line_1_19' title="bbox 1123 2439 3405 2550; baseline -0.001 -27"><span class='ocrx_word' id='word_1_145' title='bbox 1123 2472 1370 2550; x_wconf 89' lang='lat' dir='ltr'>porro</span> <span class='ocrx_word' id='word_1_146' title='bbox 1405 2439 1615 2535; x_wconf 85' lang='lat' dir='ltr'>sunt3</span> <span class='ocrx_word' id='word_1_147' title='bbox 1669 2443 1973 2520; x_wconf 86' lang='lat' dir='ltr'>Genus:</span> <span class='ocrx_word' id='word_1_148' title='bbox 2089 2466 2271 2520; x_wconf 87' lang='lat' dir='ltr'>narn</span> <span class='ocrx_word' id='word_1_149' title='bbox 2308 2440 2591 2521; x_wconf 78' lang='lat' dir='ltr'>similes</span> <span class='ocrx_word' id='word_1_150' title='bbox 2643 2444 3083 2546; x_wconf 83' lang='lat' dir='ltr'>parentibus</span> <span class='ocrx_word' id='word_1_151' title='bbox 3129 2472 3221 2526; x_wconf 89' lang='lat' dir='ltr'>ac</span> <span class='ocrx_word' id='word_1_152' title='bbox 3264 2470 3405 2522; x_wconf 85' lang='lat' dir='ltr'>ma-</span> 
     </span>
     <span class='ocr_line' id='line_1_20' title="bbox 1100 2552 3409 2660; baseline 0.001 -28"><span class='ocrx_word' id='word_1_153' title='bbox 1100 2553 1415 2659; x_wconf 63' lang='lat' dir='ltr'>joribus</span> <span class='ocrx_word' id='word_1_154' title='bbox 1464 2553 1611 2633; x_wconf 84' lang='lat' dir='ltr'>suis</span> <span class='ocrx_word' id='word_1_155' title='bbox 1672 2552 1817 2634; x_wconf 87' lang='lat' dir='ltr'>filii</span> <span class='ocrx_word' id='word_1_156' title='bbox 1866 2552 2326 2660; x_wconf 89' lang='lat' dir='ltr'>plerumque</span> <span class='ocrx_word' id='word_1_157' title='bbox 2392 2552 2851 2633; x_wconf 87' lang='lat' dir='ltr'>creduntur:</span> <span class='ocrx_word' id='word_1_158' title='bbox 2946 2559 3409 2638; x_wconf 82' lang='lat' dir='ltr'>&amp;nonnun-</span> 
     </span>
     <span class='ocr_line' id='line_1_21' title="bbox 1125 2663 3409 2775; baseline 0 -30"><span class='ocrx_word' id='word_1_159' title='bbox 1125 2693 1366 2775; x_wconf 86' lang='lat' dir='ltr'>quam</span> <span class='ocrx_word' id='word_1_160' title='bbox 1420 2664 1518 2746; x_wconf 85' lang='lat' dir='ltr'>ad</span> <span class='ocrx_word' id='word_1_161' title='bbox 1565 2663 1884 2744; x_wconf 82' lang='lat' dir='ltr'>honeste</span> <span class='ocrx_word' id='word_1_162' title='bbox 1935 2668 2415 2771; x_wconf 85' lang='lat' dir='ltr'>turpiterque</span> <span class='ocrx_word' id='word_1_163' title='bbox 2475 2664 2896 2770; x_wconf 83' lang='lat' dir='ltr'>vivendum</span> <span class='ocrx_word' id='word_1_164' title='bbox 2956 2666 3145 2748; x_wconf 86' lang='lat' dir='ltr'>inde</span> <span class='ocrx_word' id='word_1_165' title='bbox 3196 2667 3409 2750; x_wconf 81' lang='lat' dir='ltr'>causa:</span> 
     </span>
     <span class='ocr_line' id='line_1_22' title="bbox 1125 2777 3407 2883; baseline -0 -26"><span class='ocrx_word' id='word_1_166' title='bbox 1125 2777 1396 2876; x_wconf 79' lang='lat' dir='ltr'>fluunt.</span> <span class='ocrx_word' id='word_1_167' title='bbox 1473 2777 1784 2876; x_wconf 52' lang='lat' dir='ltr'>5Natio:</span> <span class='ocrx_word' id='word_1_168' title='bbox 1847 2802 2032 2874; x_wconf 74' lang='lat' dir='ltr'>nam</span> <span class='ocrx_word' id='word_1_169' title='bbox 2072 2781 2151 2855; x_wconf 75' lang='grc' dir='ltr'>δε</span> <span class='ocrx_word' id='word_1_170' title='bbox 2179 2777 2867 2883; x_wconf 66' lang='lat' dir='ltr'>gentibusproprii</span> <span class='ocrx_word' id='word_1_171' title='bbox 2909 2804 3181 2860; x_wconf 84' lang='lat' dir='ltr'>mores</span> <span class='ocrx_word' id='word_1_172' title='bbox 3219 2782 3407 2861; x_wconf 87' lang='lat' dir='ltr'>sunt:</span> 
     </span>
     <span class='ocr_line' id='line_1_23' title="bbox 1131 2885 3413 2996; baseline 0.001 -30"><span class='ocrx_word' id='word_1_173' title='bbox 1131 2916 1277 2971; x_wconf 88' lang='lat' dir='ltr'>nec</span> <span class='ocrx_word' id='word_1_174' title='bbox 1321 2885 1545 2984; x_wconf 78' lang='lat' dir='ltr'>‚idem</span> <span class='ocrx_word' id='word_1_175' title='bbox 1584 2888 1665 2968; x_wconf 91' lang='lat' dir='ltr'>in</span> <span class='ocrx_word' id='word_1_176' title='bbox 1704 2885 2081 2976; x_wconf 86' lang='lat' dir='ltr'>Barbaro,</span> <span class='ocrx_word' id='word_1_177' title='bbox 2139 2892 2506 2972; x_wconf 86' lang='lat' dir='ltr'>Romano</span> <span class='ocrx_word' id='word_1_178' title='bbox 2528 2943 2549 2973; x_wconf 84' lang='lat'>‚</span> <span class='ocrx_word' id='word_1_179' title='bbox 2627 2891 2904 2968; x_wconf 79' lang='lat' dir='ltr'>Graeco</span> <span class='ocrx_word' id='word_1_180' title='bbox 2941 2943 2965 2979; x_wconf 87' lang='lat'>‚</span> <span class='ocrx_word' id='word_1_181' title='bbox 3023 2891 3413 2996; x_wconf 83' lang='lat' dir='ltr'>probabile</span> 
     </span>
     <span class='ocr_line' id='line_1_24' title="bbox 1130 2995 3413 3109; baseline 0.002 -30"><span class='ocrx_word' id='word_1_182' title='bbox 1130 2998 1261 3090; x_wconf 66' lang='lat' dir='ltr'>est„</span> <span class='ocrx_word' id='word_1_183' title='bbox 1353 3000 1634 3078; x_wconf 87' lang='lat' dir='ltr'>Patria:</span> <span class='ocrx_word' id='word_1_184' title='bbox 1700 2999 1879 3103; x_wconf 84' lang='lat' dir='ltr'>quia</span> <span class='ocrx_word' id='word_1_185' title='bbox 1907 2995 2259 3077; x_wconf 82' lang='lat' dir='ltr'>similiter</span> <span class='ocrx_word' id='word_1_186' title='bbox 2291 2999 2527 3076; x_wconf 87' lang='lat' dir='ltr'>etiam</span> <span class='ocrx_word' id='word_1_187' title='bbox 2576 3000 2981 3080; x_wconf 87' lang='lat' dir='ltr'>civitatum</span> <span class='ocrx_word' id='word_1_188' title='bbox 3016 3002 3276 3109; x_wconf 84' lang='lat' dir='ltr'>leges,</span> <span class='ocrx_word' id='word_1_189' title='bbox 3314 3008 3413 3082; x_wconf 90' lang='lat' dir='ltr'>in-</span> 
     </span>
     <span class='ocr_line' id='line_1_25' title="bbox 1129 3107 3415 3213; baseline 0 -23"><span class='ocrx_word' id='word_1_190' title='bbox 1129 3109 1388 3205; x_wconf 84' lang='lat' dir='ltr'>stituta</span> <span class='ocrx_word' id='word_1_191' title='bbox 1412 3166 1433 3198; x_wconf 92' lang='lat'>‚</span> <span class='ocrx_word' id='word_1_192' title='bbox 1505 3111 1911 3213; x_wconf 74' lang='lat' dir='ltr'>opiniones</span> <span class='ocrx_word' id='word_1_193' title='bbox 1977 3107 2262 3201; x_wconf 86' lang='lat' dir='ltr'>habent</span> <span class='ocrx_word' id='word_1_194' title='bbox 2327 3107 2865 3190; x_wconf 87' lang='lat' dir='ltr'>differentiam.</span> <span class='ocrx_word' id='word_1_195' title='bbox 2962 3117 3212 3195; x_wconf 83' lang='lat' dir='ltr'>Sexus</span> <span class='ocrx_word' id='word_1_196' title='bbox 3261 3147 3278 3196; x_wconf 90' lang='lat'>:</span> <span class='ocrx_word' id='word_1_197' title='bbox 3340 3136 3415 3192; x_wconf 90' lang='lat' dir='ltr'>ut</span> 
     </span>
     <span class='ocr_line' id='line_1_26' title="bbox 1128 3218 3421 3307; baseline 0.001 -4"><span class='ocrx_word' id='word_1_198' title='bbox 1128 3223 1627 3303; x_wconf 83' lang='lat' dir='ltr'>latrocinium</span> <span class='ocrx_word' id='word_1_199' title='bbox 1685 3218 1979 3301; x_wconf 86' lang='lat' dir='ltr'>facilius</span> <span class='ocrx_word' id='word_1_200' title='bbox 2034 3223 2116 3298; x_wconf 89' lang='lat' dir='ltr'>in</span> <span class='ocrx_word' id='word_1_201' title='bbox 2171 3222 2382 3303; x_wconf 73' lang='lat' dir='ltr'>viro,</span> <span class='ocrx_word' id='word_1_202' title='bbox 2442 3219 2905 3301; x_wconf 82' lang='lat' dir='ltr'>veneficium</span> <span class='ocrx_word' id='word_1_203' title='bbox 2958 3225 3040 3301; x_wconf 92' lang='lat' dir='ltr'>in</span> <span class='ocrx_word' id='word_1_204' title='bbox 3100 3226 3421 3307; x_wconf 80' lang='lat' dir='ltr'>foemina</span> 
     </span>
     <span class='ocr_line' id='line_1_27' title="bbox 1129 3329 3419 3439; baseline 0 -26"><span class='ocrx_word' id='word_1_205' title='bbox 1129 3331 1415 3414; x_wconf 87' lang='lat' dir='ltr'>credas.</span> <span class='ocrx_word' id='word_1_206' title='bbox 1510 3335 1752 3411; x_wconf 85' lang='lat' dir='ltr'>AEtas:</span> <span class='ocrx_word' id='word_1_207' title='bbox 1806 3334 1982 3438; x_wconf 80' lang='lat' dir='ltr'>quia</span> <span class='ocrx_word' id='word_1_208' title='bbox 2028 3330 2239 3413; x_wconf 88' lang='lat' dir='ltr'>aliud</span> <span class='ocrx_word' id='word_1_209' title='bbox 2265 3329 2431 3412; x_wconf 87' lang='lat' dir='ltr'>aliis</span> <span class='ocrx_word' id='word_1_210' title='bbox 2466 3335 2682 3413; x_wconf 85' lang='lat' dir='ltr'>annis</span> <span class='ocrx_word' id='word_1_211' title='bbox 2727 3337 2967 3439; x_wconf 86' lang='lat' dir='ltr'>magis</span> <span class='ocrx_word' id='word_1_212' title='bbox 3025 3340 3419 3420; x_wconf 88' lang='lat' dir='ltr'>convenit.</span> 
     </span>
     <span class='ocr_line' id='line_1_28' title="bbox 1127 3439 3424 3554; baseline 0.002 -30"><span class='ocrx_word' id='word_1_213' title='bbox 1127 3441 1498 3524; x_wconf 82' lang='lat' dir='ltr'>Educatio</span> <span class='ocrx_word' id='word_1_214' title='bbox 1521 3497 1543 3530; x_wconf 89' lang='lat'>,</span> <span class='ocrx_word' id='word_1_215' title='bbox 1607 3448 1686 3521; x_wconf 76' lang='grc' dir='ltr'>ὅ(</span> <span class='ocrx_word' id='word_1_216' title='bbox 1738 3439 2169 3549; x_wconf 86' lang='lat' dir='ltr'>disciplina:</span> <span class='ocrx_word' id='word_1_217' title='bbox 2234 3444 2606 3549; x_wconf 87' lang='lat' dir='ltr'>quoniam</span> <span class='ocrx_word' id='word_1_218' title='bbox 2649 3443 2881 3523; x_wconf 90' lang='lat' dir='ltr'>refert</span> <span class='ocrx_word' id='word_1_219' title='bbox 2915 3472 2959 3522; x_wconf 86' lang='lat' dir='ltr'>a</span> <span class='ocrx_word' id='word_1_220' title='bbox 3009 3450 3424 3554; x_wconf 47' lang='lat' dir='ltr'>quibua&amp;</span> 
     </span>
     <span class='ocr_line' id='line_1_29' title="bbox 1127 3550 3423 3666; baseline 0.003 -35"><span class='ocrx_word' id='word_1_221' title='bbox 1127 3580 1290 3661; x_wconf 91' lang='lat' dir='ltr'>quo</span> <span class='ocrx_word' id='word_1_222' title='bbox 1336 3550 1948 3661; x_wconf 65' lang='lat' dir='ltr'>quisquemodo</span> <span class='ocrx_word' id='word_1_223' title='bbox 2001 3552 2090 3631; x_wconf 84' lang='lat' dir='ltr'>sit</span> <span class='ocrx_word' id='word_1_224' title='bbox 2150 3554 2553 3636; x_wconf 87' lang='lat' dir='ltr'>institutus.</span> <span class='ocrx_word' id='word_1_225' title='bbox 2646 3556 2973 3635; x_wconf 83' lang='lat' dir='ltr'>Habitus</span> <span class='ocrx_word' id='word_1_226' title='bbox 3021 3565 3423 3666; x_wconf 78' lang='lat' dir='ltr'>corporis:</span> 
     </span>
     <span class='ocr_line' id='line_1_30' title="bbox 1128 3663 3425 3774; baseline 0.002 -32"><span class='ocrx_word' id='word_1_227' title='bbox 1128 3664 1437 3752; x_wconf 88' lang='lat' dir='ltr'>ducitur</span> <span class='ocrx_word' id='word_1_228' title='bbox 1488 3667 1701 3744; x_wconf 89' lang='lat' dir='ltr'>enim</span> <span class='ocrx_word' id='word_1_229' title='bbox 1748 3663 2191 3770; x_wconf 89' lang='lat' dir='ltr'>frequenter</span> <span class='ocrx_word' id='word_1_230' title='bbox 2249 3669 2331 3745; x_wconf 90' lang='lat' dir='ltr'>in</span> <span class='ocrx_word' id='word_1_231' title='bbox 2369 3688 2956 3772; x_wconf 86' lang='lat' dir='ltr'>argumentum,</span> <span class='ocrx_word' id='word_1_232' title='bbox 3011 3668 3317 3774; x_wconf 83' lang='lat' dir='ltr'>species</span> <span class='ocrx_word' id='word_1_233' title='bbox 3344 3672 3425 3751; x_wconf 86' lang='lat' dir='ltr'>li-</span> 
     </span>
     <span class='ocr_line' id='line_1_31' title="bbox 1124 3775 3422 3879; baseline 0.003 -25"><span class='ocrx_word' id='word_1_234' title='bbox 1124 3775 1445 3865; x_wconf 88' lang='lat' dir='ltr'>bidinis;</span> <span class='ocrx_word' id='word_1_235' title='bbox 1507 3775 1741 3854; x_wconf 92' lang='lat' dir='ltr'>robur</span> <span class='ocrx_word' id='word_1_236' title='bbox 1772 3775 2250 3879; x_wconf 72' lang='lat' dir='ltr'>petulantia-z</span> <span class='ocrx_word' id='word_1_237' title='bbox 2317 3777 2436 3856; x_wconf 86' lang='lat' dir='ltr'>his</span> <span class='ocrx_word' id='word_1_238' title='bbox 2475 3782 2856 3856; x_wconf 88' lang='lat' dir='ltr'>contraria</span> <span class='ocrx_word' id='word_1_239' title='bbox 2887 3782 2970 3856; x_wconf 89' lang='lat' dir='ltr'>in</span> <span class='ocrx_word' id='word_1_240' title='bbox 3003 3778 3422 3867; x_wconf 84' lang='lat' dir='ltr'>diversum.</span> 
     </span>
     <span class='ocr_line' id='line_1_32' title="bbox 1123 3887 3428 3988; baseline 0.001 -18"><span class='ocrx_word' id='word_1_241' title='bbox 1123 3889 1491 3970; x_wconf 88' lang='lat' dir='ltr'>Fortuna:</span> <span class='ocrx_word' id='word_1_242' title='bbox 1587 3912 1730 3965; x_wconf 88' lang='lat' dir='ltr'>nec</span> <span class='ocrx_word' id='word_1_243' title='bbox 1771 3889 1986 3965; x_wconf 88' lang='lat' dir='ltr'>enim</span> <span class='ocrx_word' id='word_1_244' title='bbox 2027 3887 2238 3968; x_wconf 90' lang='lat' dir='ltr'>idem</span> <span class='ocrx_word' id='word_1_245' title='bbox 2295 3887 2660 3968; x_wconf 89' lang='lat' dir='ltr'>credibile</span> <span class='ocrx_word' id='word_1_246' title='bbox 2702 3887 2810 3966; x_wconf 90' lang='lat' dir='ltr'>est</span> <span class='ocrx_word' id='word_1_247' title='bbox 2850 3892 2932 3967; x_wconf 90' lang='lat' dir='ltr'>in</span> <span class='ocrx_word' id='word_1_248' title='bbox 2994 3891 3255 3976; x_wconf 84' lang='lat' dir='ltr'>divite</span> <span class='ocrx_word' id='word_1_249' title='bbox 3283 3954 3306 3988; x_wconf 96' lang='lat'>,</span> <span class='ocrx_word' id='word_1_250' title='bbox 3347 3923 3428 3974; x_wconf 88' lang='lat' dir='ltr'>ac</span> 
     </span>
     <span class='ocr_line' id='line_1_33' title="bbox 1111 3999 3427 4107; baseline 0.006 -31"><span class='ocrx_word' id='word_1_251' title='bbox 1111 4023 1489 4107; x_wconf 83' lang='lat' dir='ltr'>paupere:</span> <span class='ocrx_word' id='word_1_252' title='bbox 1579 4000 2035 4107; x_wconf 85' lang='lat' dir='ltr'>propinquis</span> <span class='ocrx_word' id='word_1_253' title='bbox 2055 4053 2082 4091; x_wconf 93' lang='lat'>,</span> <span class='ocrx_word' id='word_1_254' title='bbox 2119 4002 2422 4091; x_wconf 81' lang='lat' dir='ltr'>amicis,</span> <span class='ocrx_word' id='word_1_255' title='bbox 2472 3999 2877 4082; x_wconf 86' lang='lat' dir='ltr'>clientibus</span> <span class='ocrx_word' id='word_1_256' title='bbox 2936 3999 3427 4089; x_wconf 80' lang='lat' dir='ltr'>abundante,</span> 
     </span>
    </p>
   </div>
  </div>
 </body>
</html>
