3557 5113
1247 194 3163 332 MFABuQumcmmAm

1420 528 1441 558 ‚
1507 489 1592 564 ut
1633 464 1770 571 qui
1817 475 1988 539 ante
2033 475 2216 532 eum
2258 441 2608 524 fuerunt,
2653 425 2783 509 sed
2798 420 3196 535 studiositm
3229 414 3334 522 si

1131 2296 1217 2354 re
1252 2267 1412 2347 vita
1449 2249 1473 2348 ’,
1531 2259 1610 2334 &
1661 2265 1882 2329 aetate
1933 2238 2034 2322 ad
2080 2222 2713 2341 componendum
2752 2219 3130 2300 severiore
3169 2228 3367 2315 potu-

1134 2378 1298 2465 isset
1320 2408 1355 2467 „·
1395 2393 1590 2478 ‚non
1651 2354 1989 2463 maligne
2048 2344 2515 2432 crediderim
2563 2329 2879 2416 defuisse
2913 2330 2989 2409 ei
3023 2325 3365 2405 summam

1138 2492 1392 2577 illam,
1447 2476 1547 2562 ad
1587 2496 1828 2584 quam
1859 2491 2100 2547 nemo
2148 2457 2468 2569 propius
2512 2441 2838 2551 accessit.
2906 2446 3002 2521 Et
3029 2424 3369 2528 licebat‚fi

1138 2605 1359 2688 aliter
1390 2592 1755 2675 sentirem
1774 2639 1795 2666 ,
1842 2580 2117 2660 fortius
2151 2571 2234 2656 id
2280 2576 2358 2652 &
2404 2563 2714 2646 liberius
2759 2549 3200 2637 defendere.
3269 2548 3375 2623 An
3476 2570 3477 2641 3

1131 2738 1325 2799 vero
1368 2709 1476 2786 M.
1517 2695 1907 2780 Antonius
1954 2691 2357 2770 neminem
2397 2703 2440 2757 a
2477 2674 2550 2755 se
2591 2669 2834 2755 visum
2876 2665 3373 2772 eloquentem,

1193 2816 1356 2906 uod
1395 2833 1610 2895 tanto
1645 2808 1905 2886 minus
1948 2819 2114 2881 erat
2150 2852 2174 2888 ‚
2228 2784 2599 2900 professus
2636 2781 2788 2863 est:
2842 2777 3003 2885 ipse
3024 2779 3261 2857 etiam
3292 2770 3375 2848 Μ
3476 2868 3477 2877 Ν

1128 2854 1434 3020 {ullius
1481 2920 1758 3033 quaerit
1792 2912 2043 2994 adhuc
2084 2934 2269 2990 eum
2292 2960 2313 2988 ‚
2354 2907 2434 2984 δε
2472 2917 2775 2981 tantum
2818 2893 3282 2996 imaginatur
3305 2902 3380 2958 ac

1136 3048 1412 3155 fingit:
1479 3060 1632 3143 ego
1674 3054 1840 3110 non
1871 3013 2198 3106 audeam
2231 3014 2490 3098 dicere
2517 3068 2537 3097 ,
2584 3000 2879 3116 aliquid
2921 3006 3005 3081 in
3063 3001 3213 3080 hac
3236 3015 3381 3104 quae

1141 3149 1477 3267 superest
1532 3142 1948 3227 aeternitate
2003 3130 2334 3216 inveniri
2385 3120 2592 3234 posse
2631 3177 2654 3205 ‚
2738 3143 2842 3197 eo
2891 3111 3113 3223 quod
3170 3108 3391 3191 fuerit.

1142 3265 1550 3384 perfestius
1593 3258 1617 3336 ἓ
1677 3251 2018 3334 Transeo
2055 3243 2228 3324 illos
2263 3241 2400 3348 qui
2440 3232 2800 3317 Ciceroni
2839 3254 2926 3307 ac
2950 3214 3392 3307 Demosthe-

1146 3388 1231 3467 ni
1264 3406 1363 3461 ne
1401 3379 1483 3456 in
1508 3364 1952 3475 eloquentia
1986 3353 2309 3466 quidem
2344 3349 2516 3431 satis
2552 3343 2935 3427 tribuunt.-
2972 3354 3395 3446 quanquam

1151 3515 1407 3600 neque
1435 3479 1575 3593 ipfi
1614 3474 1971 3561 Ciceroni
1998 3462 2563 3550 Demosthenes
2597 3453 2952 3539 videatur
2979 3448 3139 3529 effi:
3188 3441 3399 3556 peric

1157 3607 1322 3688 &us
1382 3653 1408 3691 ‚
1459 3616 1712 3704 ‘quem
1773 3584 2196 3666 dormitare
2240 3576 2556 3655 interim
2610 3565 2796 3647 dicit
2841 3594 2861 3644 ε
2935 3586 3090 3642 nee
3155 3564 3398 3640 Cicero

1149 3722 1404 3800 Bruto
1436 3703 1869 3809 Calvoque5
1885 3697 2020 3804 qui
2053 3710 2261 3773 certe
2284 3677 2932 3790 compositionem
2966 3672 3179 3753 iuius
3204 3674 3401 3753 etiam

1149 3821 1357 3935 apud
1395 3817 1645 3927 ipsum
1684 3801 2264 3916 reprehendunt
2299 3831 2317 3879 ε
2374 3822 2541 3877 nec
2574 3789 2843 3872 Afinio
2872 3788 3199 3892 utrique
3222 3840 3249 3875 ,
3306 3802 3405 3886 qm

1153 3939 1345 4028 vitia
1371 3924 1750 4054 orationis
1801 3921 1963 4027 ejus
2014 3919 2253 4000 etiam
2300 3909 2615 3995 inimice
2669 3900 3021 4013 pluribus
3078 3898 3282 3977 loeis
3320 3898 3413 3968 in·

1813 4065 1824 4072 ·
2458 4075 2475 4083 ·
3122 4009 3418 4115 sequun-
