3557 5113
362 300 1059 510 Delnstit.
1090 301 2142 517 'Oratom‘ca-Lib.
2176 307 2428 464 IX.
2646 350 2888 465 '545
3035 435 3040 441 .

242 647 466 731 quam
505 615 839 709 ambitus,
866 646 1090 730 neque
1127 615 1439 699 ambitus
1470 624 1693 731 magia
1724 650 1961 732 qnam
1977 632 2293 708 omnium
2308 633 2546 742 legum
2567 641 2753 722 CA».
2782 614 2910 717 ⁴111.

226 731 525 842 judicia
543 741 938 843 perierunt.
997 733 1394 812 Invenitur
1432 732 1637 840 apud
1687 744 1954 840 po‘e‘tas
1995 764 2308 847 quoque
2369 800 2393 828 ,
2450 769 2537 827 ut

244 843 457 952 apud
500 849 944 924 Homerum
990 841 1089 924 de
1113 841 1417 950 sceptro
1469 843 1684 953 quod
1720 873 1763 924 a
1798 849 2005 955 Jove
2039 851 2142 931 ad
2197 859 2538 961 Agame.

240 981 631 1038 mnonem
651 955 810 1064 usq,·
831 951 1157 1035 deducit:
1178 960 1257 1037 ὅ(
1280 954 1482 1064 apud
1503 957 1851 1038 nostrum
1877 965 2111 1042 etiam
2130 971 2530 1074 tragicum.-

404 1063 597 1172 Jove
611 1067 1054 1178 propagatur
1083 1068 1177 1169 est
1201 1075 1242 1172 (
1256 1066 1766 1180 utperbibent)
1821 1077 2175 1162 Tantalus,

426 1194 546 1260 Ex
580 1184 870 1261 Tantalo
899 1182 1174 1289 Pelops,
1217 1210 1309 1260 ex
1344 1185 1591 1292 Pelope
1619 1178 2085 1286 autemsatus

410 1306 696 1376 Atreus,
739 1301 872 1405 qui
906 1294 1208 1396 nostrum
1219 1317 1435 1402 porro
1447 1318 1808 1404 propagat
1820 1326 2066 1405 genus,

236 1408 356 1484 At
392 1428 562 1513 quae
591 1432 738 1511 per
777 1403 1340 1487 detractionem
1380 1405 1580 1486 fiunt
1621 1406 1910 1512 figurae,
1957 1408 2339 1493 brevitatis
2385 1442 2529 1497 no-

236 1516 651 1624 vitatisque
691 1519 1035 1598 maxime
1057 1518 1383 1622 gratiam
1415 1539 1738 1624 petunt:
1763 1546 2089 1628 quarum
2124 1550 2272 1604 una
2288 1526 2398 1605 est
2419 1557 2532 1621 ea,

235 1653 483 1735 quam
521 1629 727 1709 libro
765 1632 1135 1737 proximo
1174 1630 1254 1708 in
1306 1629 1586 1736 figuras
1634 1629 1893 1712 distuli
1946 1690 1974 1718 ‚
2020 1633 2529 1741 synecdoche,

226 1765 425 1826 cum
466 1740 932 1823 subtrastum
966 1740 1292 1825 verbum
1332 1741 1644 1850 aliquod
1666 1743 1834 1826 stitis
1871 1774 1966 1825 ex
1997 1753 2531 1832 caeterisintel-

235 1849 551 1959 ligitur:
579 1876 662 1935 ut
693 1854 976 1936 Coelius
1006 1858 1084 1933 in
1122 1857 1560 1935 Antonium
1565 1891 1589 1945 ‚-
1636 1861 2201 1967 Stuperegaudio
2243 1874 2528 1944 Graecus.

231 1965 488 2046 Simul
527 1971 740 2046 enim
775 1965 1104 2054 auditur,
1141 1975 1355 2078 coepit.
1396 1973 1673 2071 Cicero
1710 1967 1810 2048 ad
1831 1974 2160 2050 Brutum
2190 2027 2211 2061 ,
2297 1989 2527 2056 Sermo

237 2078 761 2185 nudusstilicet
788 2079 928 2187 ²³ss
951 2077 1039 2158 de
1074 2100 1162 2157 te.
1237 2080 1464 2186 Qid
1494 2089 1685 2159 enim
1702 2092 1947 2193 potius
1960 2092 1996 2160 ?
2021 2094 2191 2165 Tum
2205 2088 2524 2172 Flavius,

235 2204 471 2271 Erras
503 2189 863 2273 tabedarie
880 2247 904 2284 ,
946 2188 1038 2284 ῤ’
1070 2218 1189 2300 ego
1215 2191 1480 2271 ibidem
1515 2222 1726 2272 orans
1760 2200 1950 2273 inter
1992 2225 2251 2274 coenam
2289 2228 2529 2279 exora-

233 2309 344 2384 vi.
441 2307 589 2383 Cui
614 2301 899 2409 *fimilia
933 2301 1099 2383 sunt
1139 2300 1270 2381 illa
1315 2332 1498 2383 meo
1546 2303 1870 2411 quidem
1906 2304 2217 2405 judicio,
2260 2311 2526 2419 inqui-

229 2413 386 2496 bus
423 2416 653 2497 verba
676 2414 1039 2496 decenter
1075 2413 1392 2521 pudoris
1430 2420 1674 2521 gratia
1700 2415 2280 2498 subtrahuntur:

233 2538 244 2543 “
407 2533 770 2609 ‘Novimus
801 2527 891 2622 ό·
927 2536 1059 2639 qui
1092 2550 1187 2617 te,
1208 2529 1607 2635 tranfiaeerst
1633 2527 1991 2609 tuentibus
2020 2529 2318 2642 hirquis,

428 2656 526 2721 Et
555 2671 715 2751 quo,
726 2642 871 2748 fid
881 2645 1151 2749 faciles
1182 2639 1500 2752 NJmpbae
1528 2642 1742 2746 rfire
1759 2642 2066 2746 ‚sacella

219 2754 466 2833 Hanc
509 2750 821 2861 quidam
849 2753 1235 2865 aposiopefin
1271 2775 1570 2859 putant,·
1603 2751 1894 2832 frustra.
1962 2760 2168 2834 Nam
2199 2753 2323 2833 illa
2346 2754 2537 2863 quid

224 2885 494 2944 taceat
532 2869 912 2944 incertum
929 2864 1063 2955 est,
1150 2887 1278 2943 aut
1315 2885 1521 2944 certe
1574 2864 1930 2970 longiore
1982 2865 2332 2946 sermone
2398 2896 2532 2946 ex-

209 2975 733 3084 plicandum:
780 2977 907 3072 hic
949 3004 1187 3058 unum
1211 2977 1561 3066 verbum,
1598 2982 1676 3056 δ(
1699 2977 2187 3058 manifestum
2209 2976 2531 3085 quidem

101 3135 124 3148 ·
213 3086 716 3169 desideratur
739 3125 762 3166 .·
797 3115 968 3197 quae
1010 3087 1065 3168 fi
1105 3085 1559 3202 apoliopcfis
1600 3087 1709 3167 est
1744 3144 1766 3178 ‚
1803 3088 2000 3166 nihil
2041 3117 2230 3178 non,
2272 3093 2534 3195 inquo

203 3198 458 3281 ‘deest
495 3199 812 3306 aliquid,
851 3200 1057 3282 idem
1107 3199 1632 3318 appellabitur.
1787 3204 1909 3278 Ne
1941 3227 2091 3305 ego
2136 3199 2325 3279 illud
2373 3205 2535 3308 qui-

205 3311 429 3394 dem
474 3310 946 3418 apofiopesm
990 3311 1293 3417 semper
1328 3338 1557 3400 voco,
1612 3312 1690 3389 in
1715 3336 1876 3418 quo
1910 3339 2024 3390 res
2057 3339 2536 3420 quaecunque

211 3425 710 3531 relinquitur
750 3422 1287 3529 intelligenda,
1350 3443 1434 3501 ut
1472 3449 1559 3501 ea
1600 3447 1770 3530 quae
1811 3427 1891 3500 in
1923 3422 2259 3528 epistolis
2317 3431 2535 3504 Cice-

218 3563 368 3626 to,-
399 3551 595 3616 Data
634 3535 1165 3646 Lupercalibus,
1183 3563 1319 3646 quo
1338 3533 1457 3613 die
1487 3543 1834 3614 Antonius
1871 3536 2150 3642 calari:
2177 3535 2371 3614 nihil
2397 3537 2533 3616 ob-

213 3650 505 3733 ticuit,
536 3646 863 3756 lusitque
904 3681 920 3726 ε
959 3651 1138 3755 quia
1186 3646 1383 3725 nihil
1423 3646 1550 3724 hic
1593 3645 1795 3727 aliud
1828 3645 2156 3754 intelligi
2200 3665 2527 3752 poterat,

200 3783 490 3875 qmm
528 3759 679 3839 hoc
695 3795 718 3850 ,-
751 3760 1091 3840 diadema
1124 3758 1467 3870 impcfiaeit.
1536 3759 1805 3838 Altera
1830 3758 1940 3837 est
1965 3786 2105 3866 per
2134 3757 2536 3841 detraCtio-

187 3853 440 3960 fleffl
457 3869 762 3977 'figur-a,
787 3869 884 3951 de
906 3899 1054 3980 qua
1096 3869 1341 3950 modo
1373 3868 1665 3950 dietum
1700 3869 1814 3949 est
1840 3927 1865 3963 ‚
1900 3873 2023 3950 cui
2066 3870 2538 3971 conjunclio-

184 3977 370 4070 n'es
427 3985 903 4080 eximuntur.
984 3986 1291 4088 Tertia,
1330 4008 1495 4089 quae
1531 3981 1814 4062 dicitur
1872 3974 2378 4093 συνεζευγμένον.
2448 3988 2534 4062 In

177 4126 378 4218 qua
435 4122 685 4179 unum
760 4092 859 4178 ad
920 4094 1245 4179 verbum
1305 4093 1566 4198 plures
1623 4094 2012 4182 sententiae
2081 4093 2540 4182 referuntur,

174 4202 184 4213 '
1302 4210 1362 4283 Ζ
1389 4232 1432 4285 z
1459 4232 1503 4284 z
1659 4295 1662 4296 f
2226 4230 2554 4313 quarum
