3557 5113
259 202 494 461 De
529 289 970 504 Instit.
1028 294 1756 478 Oratoria,
1814 293 2108 454 Lib.
2141 302 2321 456 X.
2548 337 2770 452 595

160 609 488 695 stimonia
573 610 678 693 ab
730 610 884 691 hoc
934 617 1165 718 poeta
1201 615 1485 718 petant.
1608 616 1819 695 Nam
1849 616 2203 726 epilogus
2250 627 2422 731 qui-
2510 609 2694 702 Cn.
2720 626 2773 704 Ι.

161 726 315 807 dem
349 729 521 836 quis
554 750 894 833 unquam
934 727 1226 830 poterit
1262 723 1409 804 iuis
1455 730 1798 831 rogantis
1831 731 2225 814 Achillem
2268 740 2426 817 Pri-

157 842 289 919 ami
319 837 671 944 precibus
701 838 983 943 aequari
1011 837 1035 914 ’ἓ
1060 835 1271 936 Qid
1292 844 1331 915 ,Ρ
1352 838 1433 915 in
1470 837 1747 930 verbi&
1767 839 2187 938 sententii3‚
2223 845 2421 954 figu-

158 955 267 1041 ris,
296 948 427 1029 dis
405 947 785 1057 pofitione
824 950 1058 1028 totius
1081 952 1338 1051 operis
1371 1002 1395 1038 ,
1451 976 1713 1029 nonne
1764 955 2058 1059 ingenii
2090 957 2414 1041 humani

159 1061 466 1142 modum
505 1056 817 1140 exceffit
854 1058 879 1139 ἓ
930 1080 1021 1138 ut
1061 1059 1450 1165 magnifit
1487 1064 1659 1151 viri,
1703 1066 2028 1147 virtutes
2057 1072 2219 1169 ejus
2253 1081 2418 1153 non

155 1173 621 1255 aemulatione
654 1169 920 1278 (quod
958 1171 1126 1250 fieri
1163 1198 1325 1252 non
1346 1173 1601 1276 potest
1624 1176 1664 1272 )
1718 1172 1848 1257 {ed
1881 1178 2272 1261 inteneau
2308 1182 2417 1263 [e-

157 1290 289 1393 qui.
345 1291 646 1364 Verum
672 1284 797 1361 hie
835 1310 1111 1362 omnes
1149 1280 1306 1363 sme
1350 1283 1593 1364 dubio
1634 1339 1658 1375 ,
1706 1291 1788 1365 &
1829 1290 1912 1366 in
1936 1295 2156 1369 omni
2188 1318 2414 1397 gene-

157 1425 227 1477 re
265 1396 725 1504 eloquentiae
770 1393 1043 1499 procul
1080 1421 1124 1473 a
1159 1392 1235 1472 se
1277 1394 1593 1503 reliquit
1628 1427 1647 1475 ε
1736 1401 2120 1481 Heroicos
2155 1423 2418 1486 tamen

155 1513 534 1614 praecipue.
571 1510 751 1614 quia
797 1504 1203 1587 clariffima
1255 1510 1337 1585 in
1375 1509 1699 1586 materia
1731 1507 1965 1590 fimili
2020 1538 2423 1620 compara-

157 1624 254 1699 tio
288 1620 412 1700 est.
492 1624 706 1698 Raro
740 1616 1052 1724 assurgit
1096 1616 1472 1699 Hefiod'us
1493 1673 1515 1709 ,
1551 1645 1988 1731 magnaque
2031 1650 2211 1730 pars*
2254 1630 2417 1728 ejus

153 1735 223 1811 in
257 1730 696 1812 nominibus
731 1729 842 1808 est
882 1750 1275 1836 occupata,·
1317 1751 1577 1809 tamen
1619 1731 1843 1813 utiles
1892 1736 2089 1815 circa
2136 1764 2419 1841 praece-

152 1866 267 1949 pta
302 1843 716 1925 sententia
747 1841 1160 1949 lenitasque
1188 1842 1607 1923 verborum
1634 1898 1658 1934 ,
1722 1848 1803 1925 &
1833 1847 2417 1951 compofitionis

147 1955 544 2061 probabilis
585 1990 610 2032 .·
661 1953 1038 2062 daturque
1084 1957 1155 2032 ei
1201 1951 1458 2059 palma
1494 1958 1575 2032 in
1613 1954 1752 2036 illo
1805 1959 2074 2038 medio
2135 1985 2424 2064 genere

148 2065 460 2147 dicendi.
556 2072 849 2147 Contra
895 2069 977 2144 in
1003 2066 1481 2145 Antimacho
1515 2068 1627 2146 vis
1658 2072 1739 2148 ὅ(
1777 2072 2146 2174 gravitaS,
2172 2076 2417 2174 &mia

147 2181 344 2262 nime
385 2177 708 2284 vulgare
748 2178 1212 2284 eloquentiae
1265 2203 1511 2283 genus
1564 2177 1796 2280 habet
1839 2178 2172 2259 laudem.
2269 2180 2419 2262 Sed

195 2293 488 2372 uamvis
530 2291 600 2367 ei
632 2288 988 2369 secundas
1027 2288 1187 2368 fere
1250 2293 1966 2372 Grammaticorum
2014 2290 2420 2372 consensus

146 2317 423 2482 deferat
449 2438 476 2494 ,-
521 2399 1047 2490 &affeetibus‚
1090 2397 1669 2502 &jucunditate
1706 2455 1730 2491 ,
1777 2406 1857 2483 ὃ(
1917 2401 2417 2508 dispositione

141 2518 458 2597 omnino
484 2520 565 2596 δε
599 2536 764 2593 arte
804 2510 1194 2603 deficitur,
1240 2535 1325 2593 ut
1364 2511 1593 2618 plane
1616 2512 2024 2594 manifesto
2056 2536 2413 2622 appareat

143 2637 424 2734 quanto
457 2627 552 2707 fit
594 2623 800 2708 aliud
837 2627 1294 2731 proximum
1329 2623 1501 2713 este,
1528 2622 1737 2704 aliud
1778 2624 2217 2709 secundum.
2286 2630 2431 2706 Pa-·

140 2738 390 2843 nyasm
425 2767 532 2819 ex
562 2760 893 2845 utroque
932 2739 1272 2815 mixtum
1322 2758 1595 2841 putant
1619 2792 1641 2825 ‚
1665 2739 1744 2815 in
1769 2737 2213 2845 eloquendo
2234 2765 2420 2819 neu-

143 2854 324 2931 trius
363 2876 669 2958 aequare
702 2850 1022 2930 virtutes
1072 2881 1099 2927 :
1138 2848 1460 2927 alterurn
1514 2870 1775 2928 tamen
1805 2849 1901 2928 ab
1938 2876 2038 2929 eo
2075 2853 2422 2939 materia,

138 2961 466 3071 aiterum
517 2958 980 3067 disponendi
1025 2964 1322 3039 ratione
1375 2958 1732 3064 superari.
1847 2959 2308 3065 Apollonius
2344 2964 2428 3039 in

131 3072 493 3154 ordinem
536 3101 581 3152 a
613 3075 1134 3178 grammaticis
1188 3069 1456 3151 datum
1491 3097 1654 3148 non
1685 3072 1893 3152 venit
1933 3125 1956 3160 ,
2029 3074 2204 3179 quia
2250 3074 2461 3149 Ari-2

140 3185 477 3266 starchus
516 3206 747 3291 atque
783 3183 1333 3295 Aristophanes
1387 3191 1789 3286 poetarum
1824 3181 2152 3283 judices,
2179 3186 2430 3267 nemi·
2477 3206 2485 3213 '

132 3325 316 3377 nem
357 3297 474 3377 sui
527 3298 909 3402 temporis
944 3298 1025 3373 in
1067 3319 1485 3373 numerum
1538 3290 2001 3399 redegerunt
2050 3329 2077 3371 .·
2127 3320 2291 3372 non
2330 3315 2435 3373 ta-

136 3435 323 3486 men
361 3404 1031 3489 contemnendum
1074 3404 1317 3485 edidit
1348 3429 1544 3510 opus
1582 3404 1852 3512 aequali
1892 3402 2227 3513 quadam
2261 3433 2430 3484 me-

130 3518 573 3601 diocritate.
651 3521 871 3599 Arati
910 3521 1231 3598 materia
1267 3538 1493 3596 motu
1531 3539 1775 3607 caret,
1822 3539 1906 3597 ut
1942 3521 2023 3595 in
2060 3543 2205 3624 qua
2266 3518 2440 3597 nul-

123 3628 204 3712 la
252 3633 622 3716 varietas,
658 3629 907 3711 nullus
963 3629 1311 3714 affectus,
1352 3627 1558 3706 nulla
1593 3627 1917 3735 persona
1964 3633 2086 3708 cui
2123 3628 2439 3735 usquam

124 3739 223 3821 fit
259 3747 527 3822 oratio
562 3776 580 3823 ε
625 3742 901 3822 sufficit
938 3763 1197 3821 tamen
1243 3743 1503 3845 operi,
1542 3743 1665 3820 cui
1694 3741 1766 3819 se
1797 3738 2126 3821 credidit
2150 3766 2441 3847 parem.

120 3851 648 3936 Admirabilis
688 3857 768 3932 in
809 3853 946 3933 suo
980 3880 1263 3961 genere
1298 3852 1759 3934 Theocritus
1800 3908 1827 3944 ,
1888 3851 2019 3932 sed
2062 3850 2274 3933 musa
2309 3853 2440 3933 illa

118 3965 402 4047 rustica
448 3971 537 4047 ὃ(
586 3962 986 4071 pastoralis
1021 3994 1188 4046 non
1218 3965 1482 4044 forum
1517 3962 1766 4044 modo
1801 4020 1826 4051 ‚
1891 3991 2168 4045 verum
2205 3965 2446 4070 ipsam

123 4084 359 4163 etiam
423 4076 716 4163 urbem
740 4114 750 4123 ·
774 4076 1257 4162 reformidat.
1296 4074 1710 4271 &faydire
1776 4075 2056 4161 videor
2112 4073 2455 4177 undique

2255 4210 2440 4267 con-
