3557 5113
297 314 540 480 De
560 299 1009 517 Irfiit.
1039 308 1752 497 Oratoria,
1783 299 2085 466 Lib.
2120 303 2377 468 VI.

2583 332 2812 453 349
2866 314 2871 319 ⁸

189 637 328 721 bus.
431 642 753 721 Horum
805 656 1064 720 autem
1122 634 1317 719 ficut
1347 637 1774 748 antiquitus
1823 640 2206 726 traditum
2250 646 2460 729 acce-
2536 651 2835 741 caan.

197 755 423 860 pimus
447 806 475 844 ‚
541 751 716 835 duae
755 748 928 832 sunt
961 750 1301 858 species·
1359 751 1717 835 Alteram
1753 758 2005 838 Graeci
2040 754 2281 846 πάθος
2316 787 2462 844 vo.
2591 825 2594 828 ,
2656 817 2665 827 .

197 884 393 955 cant,
449 891 694 973 quam
765 891 909 945 nos
966 886 1354 948 vertentes
1413 921 1442 956 ,
1509 866 1715 948 reste
1773 896 1870 948 ac
1919 874 2242 997 proprie
2294 872 2460 985 ff·
2546 946 2549 949 ,

187 983 358 1056 ἄκη
401 976 791 1057 dicimus.
847 975 1205 1057 Alteram
1268 968 1476 1065 ἦθος,
1536 981 1748 1079 cujus
1792 984 2144 1072 nornine,
2183 1005 2270 1061 ut
2306 1011 2463 1090 ego

188 1087 480 1197 quidem
549 1089 852 1176 sentio,
934 1112 1140 1169 caret
1198 1087 1458 1170 sermo
1506 1095 1980 1173 Romanus
1958 1151 1979 1186 ‚
2053 1120 2281 1175 mores
2325 1120 2459 1203 ap-

191 1199 601 1337 pellantur.
696 1219 926 1311 atque
979 1200 1164 1282 inde
1206 1227 1381 1309 pars
1419 1229 1738 1310 quoque
1780 1202 1910 1283 illa
1951 1204 2463 1314 philosophia:
2529 1226 2537 1233 '
2602 1158 2609 1167 ι

190 1304 405 1405 was),
467 1318 760 1394 moralis
798 1312 910 1394 est
961 1310 1181 1392 dicta.
1264 1310 1412 1392 Sed
1453 1314 1693 1420 ipsam
1755 1319 1871 1394 rei
1899 1337 2253 1396 naturam
2299 1317 2459 1424 spe·
2471 1321 2477 1327 “

187 1423 397 1505 &anti
460 1427 658 1506 mihi
700 1480 724 1515 ,
802 1451 967 1505 non
1041 1447 1202 1503 tam
1260 1452 1518 1505 mores
1592 1424 1998 1532 fignificari
2061 1428 2471 1522 videntur,

189 1561 394 1644 quam
478 1565 798 1618 morum
850 1535 1205 1645 quaedam
1277 1542 1732 1643 proprietas.
1823 1565 2006 1619 nam
2055 1539 2249 1646 ipsis
2290 1538 2462 1649 qui-

184 1646 346 1729 dem
403 1677 682 1731 omnes
741 1650 1043 1729 habitus
1099 1652 1384 1729 mentis
1425 1651 1943 1730 continentur.
2033 1654 2475 1740 Cautiores,'

189 1761 653 1861 voluntatem
708 1760 1189 1887 complecti,
1272 1789 1510 1871 quam
1566 1767 1891 1843 nomina
1966 1762 2461 1872 interpretari

187 1873 627 1956 maluerunt.
739 1870 1085 1953 Affectus
1129 1874 1367 1980 igitur
1417 1875 1559 1954 hos
1604 1877 2082 1961 concitatos,
2102 1876 2282 1957 illos
2309 1882 2460 1957 mi-

184 2003 283 2064 tes
324 2011 572 2097 atque
575 1982 1081 2093 compositos
1129 1984 1271 2067 esse
1331 1986 1717 2069 dixerunt.
1803 1991 1887 2067 in
1933 1987 2179 2070 altero
2224 1990 2461 2071 vehe-

182 2121 468 2183 menter
523 2119 1016 2183 commotos‚
1057 2099 1139 2177 in
1187 2098 1438 2180 altero
1473 2099 1704 2182 lenes.
1769 2099 2101 2210 denique
2152 2103 2334 2185 hos
2316 2129 2463 2187 lm-

183 2236 476 2314 [κω-ε,
529 2210 710 2292 illos
759 2207 1230 2317 persuadere.
1296 2212 1440 2292 hos
1497 2210 1600 2292 ad
1633 2215 2334 2320 perturbationem,
2374 2211 2463 2295 il-

183 2317 290 2403 los
329 2326 424 2407 ad
471 2323 1138 2405 benevolentiam
1157 2322 1595 2429 praevalere.
1699 2323 2103 2425 Adjiciunt
2139 2328 2463 2437 quidam

185 2437 602 2538 peritorum
645 2430 859 2521 πάθος
915 2434 1350 2561 temporale
1408 2433 1577 2515 effe.
1694 2434 1930 2540 Qod
1984 2460 2067 2517 ut
2113 2439 2464 2520 accidere

179 2542 633 2673 frequentius
681 2546 933 2628 fateor
963 2601 992 2638 ,
1049 2548 1156 2628 ita
1214 2546 1629 2630 nonnullas
1690 2545 1928 2629 credo
1989 2548 2135 2632 este
2213 2573 2459 2639 mate-

185 2660 363 2752 rias,
413 2688 589 2771 quae
631 2663 1096 2741 continuum
1162 2658 1595 2755 desiderent
1651 2659 2032 2742 affiaum.
2125 2670 2299 2746 Nec
2346 2688 2458 2746 ta·-

190 2794 352 2851 men
402 2779 664 2855 minus
718 2775 900 2852 artis
945 2790 1077 2854 aut
1130 2772 1302 2854 usus
1359 2774 1443 2853 hi
1511 2772 1875 2855 leniores
1921 2774 2209 2856 habent
2254 2832 2280 2869 ‚
2342 2781 2457 2859 vi·

184 2905 371 2965 rium
445 2907 685 2994 atque
757 2888 1098 2993 impetus
1169 2912 1332 2965 non
1382 2884 1842 2965 tantundem
1898 2890 2239 2993 exigunt.
2367 2893 2457 2969 ln

185 2994 396 3075 oeufis
427 3025 624 3080 vero
664 2997 899 3076 etiam
941 2995 1286 3102 pluribus
1327 2996 1729 3078 versantur
1751 3050 1774 3087 ,
1824 3000 1992 3079 imo
2031 2997 2453 3081 secundum

180 3104 554 3213 quendam
609 3106 1095 3189 intellectum
1160 3113 1243 3189 in
1313 3107 1697 3190 omnibus.
1811 3114 2022 3189 Nam
2071 3137 2254 3191 cum
2313 3109 2469 3197 nist

187 3241 287 3294 ex
335 3218 469 3298 ‘1110
507 3225 580 3304 δι
643 3217 798 3300 hoc
839 3220 1023 3300 loco
1063 3220 1259 3304 nihil
1318 3221 1417 3299 ab
1455 3240 1772 3298 oratore
1826 3222 2216 3314 tractetur,
2243 3226 2464 3331 quic-

189 3328 367 3434 quid
421 3329 516 3411 de
565 3331 901 3412 honestis
953 3335 1033 3413 ὅ(
1092 3330 1405 3412 utilibus
1444 3385 1471 3421 ‚
1542 3327 1878 3438 denique
1942 3331 2304 3415 faciendis
2377 3340 2462 3416 δε

183 3466 336 3520 non
380 3443 740 3525 faciendis
786 3444 1130 3535 dicitur,
1181 3444 1329 3524 huc
1405 3444 1667 3524 vocari
1711 3443 1991 3547 potest
2116 3446 2461 3571 Qidam·

191 3555 938 3637 commendationem
1001 3576 1230 3676 atque
1275 3554 1897 3635 excusationem
1941 3563 2252 3664 propria
2316 3559 2464 3640 hu-

191 3664 312 3766 jus
337 3666 572 3749 officii
614 3690 1161 3776 putaverunt:
1267 3685 1411 3746 nec
1469 3667 1732 3749 abnuo
1775 3668 1918 3747 esse
1990 3668 2123 3747 ista
2173 3674 2257 3749 in
2312 3672 2465 3752 hac

68 3822 71 3827 ·
188 3797 436 3879 parte,
482 3777 612 3860 sed
675 3806 838 3861 non
897 3776 1246 3875 concedo
1289 3800 1376 3860 ut
1414 3777 1574 3858 sota
1611 3776 1816 3860 sint:
1878 3784 2067 3890 quin
2109 3781 2305 3862 istud
2339 3782 2469 3864 ad-

174 3888 323 3967 hue
363 3890 696 3992 adjicio,
753 3888 976 3977 πάθος
1005 3897 1236 4017 atque
1292 3884 1434 3982 ἦθυς
1477 3890 1627 3989 effe
1665 3895 2019 3972 interim
2035 3921 2138 3973 ex
2177 3893 2465 3988 eadem

75 4057 82 4066 ‚
165 4023 482 4087 natura,
502 4007 630 4083 ita
684 4025 776 4083 ut
812 4001 1008 4085 illud
1050 4006 1300 4107 majt'is
1345 4001 1495 4090 fit,
1562 4004 1764 4085 hoc
1753 4007 2063 4084 minus:
2102 4013 2461 4086 utamor

78 4071 100 4230 ὲ
165 4109 363 4208 τόθος
377 4168 412 4213 ,
444 4114 782 4222 charitas
833 4106 1026 4211 ἦθοςῖ
1052 4114 1810 4321 Interdum-Xdiverfa
1864 4121 2068 4226 inter
2076 4113 2225 4215 st,
2255 4116 2483 4213 ficut—

1545 4255 1603 4311 1
1659 4254 1700 4337 3
2395 4254 2489 4335 ΠΙ

73 4351 90 4514 ,i
