3557 5113
295 252 534 415 De
552 197 997 451 Instat.
1054 248 1766 463 Oratoria,
1796 248 2096 408 Lib.
2127 253 2381 416 VI.
2581 265 2873 424 369„

188 566 510 674 saffiram
548 561 839 646 babere,
904 561 1230 643 dicebat.
1343 562 1705 669 Emphass
1751 567 2033 651 ⁴Livius
2068 568 2269 654 dixit
2320 571 2493 653 fen.
2550 598 2746 680 cn,
2767 603 2880 684 m,

211 705 292 759 ro
343 700 600 758 cotem
640 679 975 756 Accium
1024 677 1372 758 Navium
1432 678 1793 760 incidisse.
1908 686 2238 790 Figuras.
2267 711 2465 796 quo—
2776 697 2779 698 *

215 815 341 899 que
370 791 658 870 mentis
689 844 713 880 ‚
769 815 940 896 quae
994 785 1338 898 χήματω·
1374 777 1665 879 διανοίη
1708 792 2077 877 dicuntur
2095 851 2122 888 ‚
2186 825 2306 879 res
2347 826 2470 882 ea·
2596 795 2609 808 ’

212 901 367 982 dem
416 905 688 1008 recipit
753 927 1026 983 omnes
1086 955 1128 994 ‚.
1223 902 1304 980 in
1364 927 1550 1009 quas
1633 907 1992 990 nonnulli
2050 909 2468 992 diviserunt

203 1014 454 1121 species
496 1013 907 1094 dictorum.
945 1075 948 1080 .
1015 1021 1248 1094 Nam·
1276 1019 1357 1094 &
1412 1016 1975 1122 interrogamus
2016 1076 2041 1111 ‚
2105 1026 2187 1103 ὃ(
2244 1023 2467 1104 dubi·
2506 1033 2521 1052 '
2570 1115 2577 1118 ,

212 1148 425 1208 tamus
449 1184 471 1212 ‚
522 1132 603 1208 δε
653 1126 1131 1208 affirmamus
1166 1182 1191 1217 ‚
1247 1129 1328 1208 ὃ(
1357 1131 1785 1208 ‘minamur
1829 1186 1855 1222 ,
1955 1139 2035 1214 ὅ(
2088 1157 2466 1242 optamus.

212 1239 551 1340 Qaedam
603 1259 692 1319 ut
756 1239 1202 1321 miserantes
1249 1276 1294 1331 ‚·
1342 1244 1423 1321 δὲ
1484 1239 1842 1348 quaedam
1904 1266 1990 1322 ut
2060 1247 2466 1328 irascentes

205 1351 520 1433 dicimus.
633 1349 1086 1433 Ridiculum
1135 1350 1245 1432 est
1301 1374 1564 1432 autem
1622 1380 1863 1433 omne
1929 1356 2145 1462 quod
2197 1380 2464 1464 aperte

207 1462 514 1571 fingitur.
602 1464 848 1545 Stulta
905 1462 1477 1571 reprehendere
1533 1465 2001 1547 facillimum
2041 1468 2203 1548 est:
2276 1497 2463 1568 nam
2542 1543 2545 1546 ,
2718 1511 2721 1512 f

207 1602 328 1681 per
377 1573 448 1657 se
501 1576 674 1656 sunt
726 1576 1066 1658 ridicula.
1182 1575 1331 1657 Sed
1399 1603 1571 1655 rem
1648 1579 2025 1658 urbanam
2090 1581 2274 1662 facit
2325 1583 2464 1664 ali-
2558 1629 2563 1634 ·
2604 1627 2607 1631 >

208 1714 337 1795 qua
385 1718 481 1770 ex
520 1690 746 1769 nobis
783 1688 1155 1792 adjectim
1245 1688 1502 1771 Stulte
1527 1691 2142 1797 interrogaverat
2176 1721 2463 1775 exeun-

213 1822 353 1879 tem
387 1801 486 1882 de
541 1802 888 1882 thaan-0³
915 1801 1422 1907 Carmthium
1475 1800 1752 1909 Tityus
1828 1804 2212 1886 Maximus
2271 1862 2294 1898 ‚
2369 1838 2469 1888 an

196 1912 516 2022 fflaffet-
538 1915 590 2004 ,·'
616 1915 802 1994 fecit
827 1915 1282 2021 Carpathius
1319 1913 1894 1996 dubitationem
1953 1921 2111 2018 ejus
2166 1918 2463 2000 stultio-

206 2047 359 2104 rem
393 2025 769 2118 dicendo,
833 2042 994 2107 Non
1012 2084 1033 2113 ,
1045 2027 1191 2131 std
1218 2035 1301 2108 in
1342 2025 1681 2132 orchestra
1701 2031 1871 2138 pila
1910 2031 2054 2138 ltglt'.
2141 2031 2457 2113 Refuta-

201 2139 313 2217 tio
364 2163 530 2219 cum
575 2137 670 2220 fit
714 2142 797 2223 in
844 2138 1201 2248 negando
1217 2196 1243 2225 ‚
1300 2137 1840 2245 redarguendo
1860 2193 1884 2223 ,
1938 2141 2457 2236 defendend0‚

201 2246 552 2334 elevando
566 2309 596 2343 ,
629 2250 959 2333 ridicule
999 2256 1313 2359 negavit
1357 2256 1658 2332 Manius
1699 2255 1995 2333 Curius.
2050 2260 2259 2333 Nam
2278 2282 2462 2335 cum

195 2365 344 2462 ejus
378 2365 767 2446 accusator
802 2423 825 2451 ‚
889 2370 969 2445 in
1006 2364 1282 2471 sipario
1327 2364 1688 2445 omnibus
1737 2363 1929 2443 locis
1968 2387 2100 2444 aut
2126 2365 2458 2447 nudum

201 2500 364 2555 eum
417 2478 495 2558 in
555 2503 802 2561 nervo
834 2531 860 2568 ‚
915 2499 1045 2559 aut
1108 2478 1202 2556 ab
1249 2479 1519 2556 amicis
1583 2469 2028 2556 redemtum
2088 2504 2191 2559 ex
2248 2478 2455 2564 alea,

201 2589 530 2692 pinxisset
552 2622 576 2685 3
597 2605 777 2701 Ergo
814 2621 931 2701 ego
949 2646 972 2674 ‚
1036 2582 1288 2697 inquit
1323 2644 1346 2681 ,
1401 2613 1770 2701 nunquam
1785 2596 1955 2669 vici.
2021 2589 2463 2699 Redargui-

201 2726 350 2781 mus
379 2705 699 2784 interim
741 2723 1005 2809 aperte
1030 2757 1054 2795 ‚
1107 2725 1193 2781 ut
1225 2706 1505 2783 Cicero
1526 2702 1851 2783 Vibium
1872 2705 2230 2794 Curium,
2263 2702 2461 2784 mul-

205 2831 352 2891 tum
390 2812 486 2895 de
537 2819 756 2894 annis
792 2819 1029 2896 aetatis
1077 2814 1222 2894 suae
1262 2814 1778 2894 mentientem
1810 2844 1835 2909 ·,
1897 2823 2075 2895 Tum
2116 2840 2275 2926 ergo
2296 2832 2460 2896 cu'm

191 2952 328 3003 m
350 2925 914 3007 declamabamus
947 2986 968 3012 ,
1021 2959 1162 3008 non
1214 2954 1369 3007 eras
1402 2950 1630 3007 natue.
1723 2930 2044 3006 Interim
2100 2934 2184 3008 &
2227 2927 2461 3008 simu-
2526 2968 2543 2979 ·

193 3033 333 3115 lata
387 3037 797 3119 assensione
835 3094 858 3131 ,
950 3062 1034 3120 ut
1083 3037 1297 3118 idem
1358 3038 1594 3119 Fabiae
1658 3037 2087 3118 Dolabellae
2160 3038 2458 3121 dicenti

185 3153 486 3252 triginta
542 3149 619 3229 st,
679 3177 919 3231 annos
967 3152 1304 3245 habere;
1383 3166 1629 3235 Verum
1671 3151 1768 3250 ss
1802 3203 1826 3238 ‚
1889 3152 2142 3257 inquit
2185 3204 2210 3239 ‚
2291 3179 2463 3229 nam

192 3256 315 3338 boc
331 3272 488 3369 jam
518 3270 802 3372 viginti
843 3270 1046 3343 annis
1099 3263 1334 3343 audio.
1448 3259 1663 3341 Belle
1707 3263 2029 3339 interim
2075 3260 2465 3361 subjicitur

187 3397 329 3476 pro
369 3390 464 3454 eo
502 3373 726 3482 quod
766 3401 1041 3480 negeS,
1099 3373 1308 3455 aliud
1341 3370 1826 3467 mordacius,
1890 3395 1973 3453 ut
2005 3373 2473 3481 Junius‘Bass

191 3481 302 3563 sus
355 3495 732 3594 querent‘e
787 3490 1137 3568 Domitia
1214 3482 1531 3565 Passieni
1612 3482 1826 3591 quod
1907 3484 2250 3566 incusans
2314 3488 2475 3587 ejus

196 3591 428 3679 sordes
463 3656 484 3690 ‚
551 3602 818 3680 calceos
854 3626 1011 3679 eam
1036 3625 1314 3679 veteres
1357 3595 1647 3676 diceret
1709 3597 2016 3678 vendere·
2028 3626 2035 3632 ·
2033 3599 2262 3706 solere
2278 3634 2300 3677 .·
2338 3629 2480 3679 non

188 3706 508 3792 mehercle
537 3770 560 3797 ‚
639 3715 892 3819 inquit
913 3769 934 3797 ‚
982 3711 1109 3791 hoc
1169 3736 1486 3822 unquam
1525 3708 1693 3789 dixi
1728 3766 1749 3792 ,
1786 3709 1931 3817 sed
1966 3711 2135 3793 dixi
2166 3766 2191 3802 ,
2246 3741 2479 3791 >emere

182 3843 256 3899 te
312 3826 506 3906 olere.
619 3822 1171 3903 Defenfionem
1229 3825 1571 3903 imitatus
1625 3821 1736 3902 est
1787 3848 2020 3930 eques
2060 3824 2491 3905 Romanus,

173 3941 310 4041 qui
363 3937 779 4038 objicienti
825 3935 1172 4043 Augusto
1224 3935 1435 4042 quod
1495 3938 2062 4042 patrimonium
2106 3932 2488 4018 *comedis

169 4044 276 4129 set
311 4082 345 4142 ,-
411 4066 675 4132 Meum
695 4102 723 4141 ,
785 4051 1042 4158 inquit
1066 4104 1091 4140 ,
1137 4057 1426 4158 putavi.
1523 4046 1895 4132 Elevandi
1950 4052 2155 4130 ratio
2198 4047 2308 4129 est
2334 4043 2492 4237 cllu-

1373 4164 1449 4241 A
1470 4185 1515 4241 a
1534 4185 1578 4240 a
2220 4188 2227 4197 ·
2302 4182 2355 4264 p
2392 4182 2494 4237 ex
