3557 5113
762 251 923 383 38
1290 230 1513 342 M.
1622 232 1997 393 Fasti
2148 230 3138 365 chritum
3339 367 3347 385 ⁸

642 531 712 610 C
733 550 780 604 Δ
804 554 870 659 ι».
935 527 1036 607 V.
1052 522 1311 619 ficem·
1323 576 1347 613 ,
1400 531 1562 602 Non
1575 520 1880 629 ficeris,
1938 518 2025 596 in
2084 510 2297 595 idem
2346 510 2633 594 incidat
2667 512 2992 627 vitium:
3055 512 3238 622 quia
3277 502 3398 593 at—

1065 657 1326 715 terum
1380 630 1713 739 negandi
1768 625 2339 720 est‚a1terum
2383 623 2718 709 vetandi.
2812 631 2993 706 Hoc
3053 623 3402 733 amphus

1060 755 1256 827 intro
1305 746 1387 827 ὅ(
1422 754 1618 827 intus
1645 801 1668 837 ,
1707 744 1865 824 Ioci
1911 737 2320 822 adverbia:
2393 751 2493 821 Eo
2544 760 2808 819 tamen
2852 745 3092 823 intus,
3147 742 3229 819 &
3263 752 3393 819 In-

1059 884 1173 939 tro
1193 858 1426 966 sitm,
1484 854 1895 944 soloecifini
1945 852 2136 932 sunt.
2231 849 2520 932 Eadem
2585 854 2668 931 in
2723 849 3158 933 diversitate
3198 877 3397 959 pro-

1062 975 1481 1053 nominum
1520 1026 1543 1061 ‚
1634 948 2266 1095 interjestionum
2297 1019 2327 1054 .
2422 958 3123 1090 praepositionum,
3187 966 3394 1043 acci-

1056 1079 1279 1163 dunt.
1389 1082 1516 1163 Est
1570 1085 1787 1161 enim
1837 1075 2364 1158 soloecifinus
2348 1103 2428 1155 ιιι
2468 1079 2823 1156 oratione
2863 1075 3396 1203 'comprehen-

1056 1194 1287 1276 sionis
1343 1199 1566 1276 unius
1624 1192 2112 1302 sequentium
2173 1216 2260 1268 ac
2313 1190 2671 1294 priorum
2731 1190 2936 1268 inter
2995 1188 3069 1268 se
3111 1192 3400 1269 incon-

1054 1310 1374 1388 veniens
1433 1303 1734 1413 pofitio.
1893 1297 2274 1406 Qaedam
2334 1322 2599 1381 tamen
2671 1305 2753 1382 &
2813 1300 3093 1381 faciem
3153 1299 3393 1409 soloe-

1053 1417 1271 1499 cismi
1357 1417 1644 1498 habent
1675 1473 1700 1508 ‚
1803 1418 1884 1495 δε
1960 1414 2114 1493 dici
2183 1410 2458 1494 vitiosa
2583 1440 2748 1513 ιιοιι
2801 1411 3165 1520 possunt.
3287 1436 3394 1493 ut

1054 1530 1403 1641 tragoedia
1436 1528 1764 1657 ffbyestes,
1824 1532 1904 1606 ὅ(
1943 1522 2115 1605 ludi
2157 1527 2465 1605 Floralia
2528 1552 2618 1605 ac
2668 1538 2784 1604 M
2726 1528 2987 1716 cl<al
2912 1526 2997 1633 s
2983 1555 3078 1605 a
3142 1551 3394 1633 quan-

1058 1669 1302 1750 quam
1371 1642 1534 1721 haec
1591 1639 1937 1749 sequenti
2030 1654 2390 1742 tempore
2471 1638 2744 1717 interci
2803 1660 3028 1717 erunt
3069 1693 3093 1729 ,
3177 1665 3394 1719 nun-

1059 1780 1301 1863 quam
1341 1750 1565 1832 aliter
1614 1781 1659 1831 a
1717 1750 2103 1833 veteribus
2164 1746 2382 1828 dista.
2482 1748 2885 1828 Schemata
2954 1753 3192 1856 igitur
3234 1779 3393 1832 no-

1061 1862 1577 1944 minabuntur
1584 1920 1608 1955 ,
1674 1863 2212 1975 frequentiora
2239 1858 2564 1969 quidem
2621 1859 2826 1969 apud
2874 1883 3190 1969 poetas,
3249 1861 3391 1943 sed

1061 1976 1511 2065 oratoribus
1532 2001 1849 2085 quoque
1881 1970 2259 2099 permissa.
2344 1972 2658 2052 Verum
2698 1972 3004 2053 schema
3033 1974 3197 2054 fere
3242 1976 3389 2056 ha-

1063 2086 1274 2168 bebit
1355 2088 1695 2196 aliquam
1763 2089 2155 2166 rationem
2196 2139 2221 2174 ‚
2303 2104 2389 2164 ut
2463 2083 2916 2165 docebimus
2973 2114 3070 2165 eo
3125 2094 3389 2196 quem

1058 2198 1298 2310 paulo
1335 2222 1516 2280 ante
1540 2195 2045 2306 prom'ifimus
2092 2194 2291 2276 loeo.
2405 2195 2560 2277 Sed
2590 2196 2743 2277 hoc
2805 2222 3118 2306 quoque
3152 2200 3388 2306 quod

1057 2311 1369 2392 schema
1408 2332 1731 2394 vocatur
1772 2366 1796 2402 ‚
1860 2308 1920 2389 si
1972 2308 2065 2389 ab
2075 2304 2383 2435 aliquo
2431 2336 2574 2425 per
2613 2308 3224 2416 imprudentiam
3267 2311 3389 2391 fa-

1062 2423 1278 2504 stum
1347 2428 1535 2515 erit,
1570 2420 2003 2525 soloecismi
2058 2422 2253 2501 vitio
2305 2448 2470 2500 non
2534 2416 2840 2503 carebit.
2954 2427 3040 2501 ln
3092 2418 3388 2505 eadem

1056 2534 1307 2645 specie
1347 2536 1563 2628 sunt,
1620 2532 1749 2616 sed
1790 2532 2178 2630 schemate
2221 2538 2522 2624 carent,
2557 2555 2646 2615 ut
2700 2522 2964 2643 supra
2975 2532 3184 2629 dixi,
3233 2565 3386 2618 no·-

1057 2652 1273 2728 mina
1292 2629 1696 2746 foeminina
1715 2646 1991 2756 quibus
2011 2672 2264 2727 mares
2294 2645 2660 2739 utuntur,
2678 2649 2757 2728 δε
2805 2643 3177 2729 neutralia
3197 2653 3388 2759 qui·

1056 2759 1201 2850 bus
1214 2760 1575 2841 foeminae.
1616 2761 2006 2840 Hastenus
2047 2754 2144 2842 de
2185 2758 2642 2840 soloecifino.
2665 2764 2943 2870 Neque
2994 2763 3209 2843 enim
3249 2789 3388 2843 ar-

1059 2896 1225 2952 tem
1276 2875 1898 2997 grammaticam
1940 2896 2422 2975 componere
2489 2867 2814 2978 aggressi
2872 2872 3167 2954 sumus:
3237 2861 3385 2957 sed

1050 3010 1237 3074 cum
1297 2979 1381 3063 ιιι
1436 2961 1802 3064 ordinem
1875 2985 2302 3063 incurreret
2335 3037 2363 3076 ‚
2442 2983 2990 3065 inhonoratam
3049 2985 3384 3069 transire

1048 3094 1468 3176 noluimus.
1561 3098 1741 3175 Hoc
1778 3091 2115 3200 amplius
2145 3148 2168 3185 ,
2187 3116 2279 3176 ut
2333 3092 2773 3176 institutum
2832 3095 3195 3180 ordinem
3254 3099 3385 3181 se-

1052 3233 1251 3316 quar
1271 3262 1294 3298 ,
1357 3206 1595 3289 verba
1672 3227 1804 3287 aut
1853 3206 2092 3287 latina
2112 3258 2138 3296 ‚
2196 3228 2329 3289 aut
2398 3211 2806 3316 peregrina
2829 3189 3046 3291 sunt.
3136 3214 3385 3291 Pere-

1052 3323 1283 3426 grina
1298 3347 1569 3444 porro
1601 3331 1699 3403 eit
1752 3307 2118 3420 omnibus
2166 3345 2418 3428 prope
2457 3318 2794 3401 dixerim
2829 3321 3183 3429 gentibus
3205 3378 3231 3414 ,
3264 3311 3377 3406 ιιῐξ

1051 3423 1412 3510 instituta
1436 3423 1674 3508 εἰιειιιι
1686 3428 2001 3519 muita',
2052 3429 2454 3511 venerunt.
2547 3419 2810 3513 Taceo
2877 3432 2975 3516 de
3031 3433 3300 3518 Tuscis
3339 3495 3378 3532 ,

1052 3545 1137 3628 δι
1190 3515 1488 3622 Sabinis
1500 3597 1524 3632 ,
1579 3546 1659 3622 ὅ(
1718 3539 2191 3640 Praenestinis
2250 3570 2618 3652 quoque.
2694 3571 2921 3637 nam,
2946 3568 3034 3627 ut
3076 3573 3383 3634 eorum

1052 3629 1455 3748 sermone
1431 3674 1810 3742 utentem,
1834 3652 2197 3733 Vestium
2230 3655 2575 3736 Lucilius
2609 3655 3054 3739 insectatur:
3079 3675 3384 3767 quem-

1043 3735 1478 3846 admodum
1526 3748 1789 3845 Ρὸ11ιό
1841 3755 2384 3892 deprehendit
2434 3770 2516 3848 ιιι
2606 3769 2841 3853 Livio
2907 3771 3386 3857 Patavinita-

1049 3875 1255 3957 tem.
1310 3873 1493 3957 licet
1524 3878 1812 3956 omnia
1855 3875 2114 3958 hanca
2162 3904 2314 3984 pro
2315 3867 2731 3963 Romanis
2767 3869 3112 3992 habeam
3182 3887 3386 3969 Plu.

1050 3991 1251 4073 rima
1282 3988 1577 4076 Gallica
1607 3985 2021 4075 valuerunt
2041 4041 2066 4080 ‚
2128 4012 2219 4098 ιιι
2280 3988 2502 4076 rheda
2554 3993 2640 4077 ac
2680 4001 3117 4107 petoritum:
3150 4023 3380 4108 quo..

3161 4137 3374 4198 rum
