3557 5113
651 285 974 416 2650
1309 257 3055 416 0M2FA·211·Q1N1c1-121im
3162 273 3167 277 ·

693 587 916 674 Cu.
941 585 1028 664 η,
1070 560 1334 646 lorum
1354 553 1564 665 signa
1597 551 2019 637 serventur,
2041 540 2805 646 existimatae-Neque
2845 558 2992 613 ero
3029 551 3387 614 ramere-

1071 672 1327 766 duluS,
1343 692 1430 753 ut
1452 657 2125 779 quemadmodum
2153 654 2418 740 habitu
2450 645 2880 731 tardiorem
2899 643 3380 726 firmiorem-

1077 814 1230 897 que
1251 784 1723 884 memoriam
1745 774 2109 876 fieri,ejus
2128 788 2406 877 putem
2427 766 2728 845 caulam
2747 783 3082 869 quoque
3107 753 3211 838 ad
3228 756 3383 836 arti-

1081 901 1346 982 ficium
1368 894 1792 1002 pertinere:
1820 886 2066 992 magis
2100 880 2469 963 admirari
2489 895 2842 955 naturam
2875 871 3122 963 subit,
3144 891 3380 949 totres

1084 1009 1439 1097 vetustas,
1471 1023 1690 1085 tanto
1728 1029 1829 1082 ex
1863 994 2266 1078 intervallo
2289 990 2647 1099 repetitas
2667 981 3001 1067 reddere
3052 984 3133 1064 se
3172 988 3251 1063 δι
3280 978 3380 1060 of·

1080 1125 1328 1224 ferre:
1373 1145 1521 1201 nec
1560 1134 1869 1198 tantum
1909 1103 2471 1217 requirentibus
2488 1156 2512 1194 ,
2540 1095 2667 1178 sed
2704 1100 3035 1177 interim
3074 1095 3375 1205 sponte:

1083 1261 1231 1319 nec
1268 1227 1769 1341 vigilantibus
1801 1280 1827 1318 ,
1880 1220 2010 1304 sed
2054 1223 2290 1301 etiam
2324 1216 2588 1326 quiete
2625 1208 3096 1319 compositis
3131 1209 3391 1313 magi&

1088 1355 1355 1458 quue
1398 1342 1532 1424 illa
1565 1363 1879 1450 quoque
1919 1331 2279 1417 animalia
2329 1355 2499 1438 quae
2541 1349 2800 1405 carere
2825 1321 3235 1404 intellectu
3278 1319 3373 1403 vi-

1091 1460 1367 1542 demus
1413 1514 1436 1542 ,
1492 1458 2048 1535 meminerunt,
2108 1453 2187 1528 &
2225 1438 2640 1549 agnoscunt
2719 1490 2744 1527 ‚
2820 1439 2904 1517 ὅ(
2963 1431 3374 1546 quamlibet

1098 1575 1339 1681 longo
1375 1571 1648 1649 itinere
1691 1562 2000 1645 didusta
2023 1614 2047 1651 ‚
2091 1556 2190 1638 ad
2220 1552 2534 1637 assuetas
2574 1546 2712 1628 sibi
2748 1544 2965 1629 sedes
3012 1568 3370 1629 revertun-

1100 1709 1251 1769 tur.
1306 1678 1516 1786 Qid
1550 1680 1574 1760 ἒ
1608 1704 1772 1758 non
1806 1675 1975 1754 haec
2012 1672 2342 1754 varietas
2384 1664 2586 1746 mira
2619 1658 2729 1742 est
2756 1717 2781 1747 ‚
2818 1658 3180 1742 excidere
3212 1682 3371 1765 pro-

1099 1801 1380 1880 xima}
1420 1812 1707 1871 vetera-
1734 1787 2113 1868 inhaerere
2147 1789 2185 1861 ?
2237 1778 2784 1888 hesternorum
2836 1776 3317 1855 immemores
3344 1821 3366 1859 ‚

1105 1910 1271 1988 aeia
1316 1905 1661 2011 pueritiae
1697 1895 2089 1982 recordari
2123 1894 2147 1974 ἰ
2212 1889 2449 1996 Qid‚
2496 1884 2713 1997 quod
2753 1885 3095 1995 quaedam
3126 1881 3359 1990 requi·

1098 2017 1237 2100 sita
1275 2016 1347 2096 se
1391 2013 1781 2094 occultant
1801 2068 1823 2098 ,
1865 2016 1945 2093 ὃ(
1978 2005 2255 2089 eadem
2290 2003 2493 2084 forte
2526 1999 2976 2081 succurrunt
3005 2034 3026 2077 ε
3052 2023 3189 2077 nec
3207 2018 3356 2090 ma-

1093 2152 1241 2211 net
1280 2127 1582 2234 semper
1631 2124 2043 2206 memoria,
2078 2117 2209 2199 sed
2248 2111 2661 2223 aliquando
2676 2109 3195 2195 etiam’redit?
3227 2109 3371 2187 Ne.-

1114 2241 1435 2323 fciretur
1499 2260 1764 2318 tamen
1806 2255 2086 2345 quanta
2124 2232 2243 2338 vis
2296 2228 2475 2310 ess'et
2520 2228 2680 2327 ejus
2706 2271 2741 2317 ·,
2810 2247 3102 2334 quanta
3141 2221 3385 2306 divini-

1107 2378 1245 2438 tas·
1281 2353 1410 2433 illa
1451 2406 1474 2443 ,
1553 2353 1636 2429 ni
1700 2349 1855 2428 hoe
1943 2349 2215 2426 lumen
2266 2336 2566 2422 ,orandi
2668 2338 3093 2426 extuliffet.-
3218 2339 3376 2420 Non

1113 2470 1327 2548 enim
1386 2489 1650 2545 rerum
1690 2457 1937 2540 modo
1973 2512 1997 2550 ,
2058 2453 2189 2536 sed
2246 2456 2487 2534 etiam
2570 2450 3003 2534 verborum
3059 2447 3381 2534 ordinem

1109 2576 1410 2687 praestat
1482 2611 1506 2655 .·
1531 2601 1678 2654 nec
1731 2601 1819 2654 ea
1863 2596 2106 2679 pauca
2134 2561 2680 2658 <contexitssed
2717 2563 3227 2674 duratprope
3289 2563 3381 2640 in-

1107 2691 1468 2777 finitum,
1525 2692 1604 2768 &
1659 2691 1738 2765 in
1795 2679 2256 2791 longissimis
2312 2676 2733 2761 astionibus
2807 2682 3025 2788 prius
3064 2670 3383 2761 audiendi

1119 2801 1513 2908 patientia,
1550 2824 1799 2907 quam
1829 2797 2238 2895 memoriae
2278 2788 2471 2875 fides
2501 2788 2789 2872 deficit.
2937 2787 3189 2892 Qod
3229 2790 3380 2870 &i-

1047 3022 1052 3027 ³
1122 2911 1352 3022 psum
1378 2930 1930 3019 argumentum
1967 2906 2101 2999 est,
2140 2902 2420 2987 subess'e
2455 2926 2702 2986 artem
2725 2904 3102 3012 aliquam,
3154 2902 3387 3004 juvari·

1119 3054 1273 3135 que
1314 3027 1614 3104 ratione
1679 3042 2037 3102 naturam
2076 3051 2095 3101 ε
2139 3014 2594 3103 cumiidem
2632 3014 2841 3097 docti
2892 3015 3161 3099 facere
3204 3006 3387 3100 illud>

1121 3137 1419 3221 indocti
1462 3140 1543 3216 δι
1594 3134 2075 3215 inexercitati
2115 3157 2281 3213 non
2325 3125 2718 3237 poffimus.
2800 3156 3257 3241 quanquam
3300 3128 3393 3207 in-

1125 3254 1361 3334 venio
1414 3246 1618 3353 apud
1658 3247 2064 3328 Platonem
2100 3243 2397 3329 obstare
2439 3245 2883 3328 memoriae,
2920 3241 3148 3326 usum
3186 3242 3392 3322 litera-

1116 3389 1304 3445 ‚rum
1345 3392 1362 3439 ε
1410 3358 1773 3441 videlicet
1814 3356 2029 3470 quod
2060 3356 2189 3437 illa
2225 3348 2398 3464 quae
2427 3353 2721 3463 scriptis
2770 3355 3282 3463 reposuimus,
3302 3376 3392 3434 ve·

1126 3475 1244 3560 lut
1269 3472 1651 3571 custodire
1683 3469 2123 3560 definimus,
2171 3474 2251 3549 &
2302 3464 2457 3574 ipsa
2492 3467 2896 3551 securitate
2938 3466 3388 3551 dimittimus

1121 3591 1294 3669 Nec
1331 3584 1657 3670 dubium
1699 3582 1858 3675 est,
1901 3586 2091 3691 quin
2137 3581 2567 3688 plurimum
2607 3585 2698 3661 in
2733 3580 2875 3665 hac
2918 3604 3155 3688 parte
3191 3579 3389 3664 valeat

1126 3701 1413 3787 mentis
1472 3699 1828 3786 intentlo,
1869 3692 2214 3778 &velut
2253 3696 2450 3774 acies
2482 3690 2873 3779 luminum
2925 3722 2967 3777 a
3023 3690 3391 3802 prospedu

1119 3837 1384 3899 rerum
1413 3834 1601 3915 quas
1661 3812 2042 3897 intuetur,
2107 3833 2271 3891 non
2306 3805 2584 3892 aversa.
2706 3804 2933 3893 Unde
2972 3807 3295 3894 accidit,
3334 3824 3393 3879 ut

1115 3951 1288 4032 quae
1327 3947 1470 4029 per
1510 3919 1766 4026 plures
1808 3918 1973 4001 dies
2020 3917 2433 4001 sci-ibimusw
2475 3915 2863 4007 ediscendi
2898 3917 3061 4000 fine
3118 3977 3147 4012 ‚
3224 3918 3401 4022 cogi·

1115 4040 1414 4133 tatione
1452 4031 1610 4150 ipsa
1644 4034 2064 4123 contineat,
2134 4038 2421 4134 Artem
2469 4051 2733 4119 autem
2790 4038 3205 4144 memoria·
3232 4024 3239 4033 ’
3269 4030 3397 4140 pri-

1143 4198 1180 4213 “
3240 4165 3387 4226 mus
