3557 5113
798 190 1004 315 '108
1250 168 1261 177 ⁶
1402 182 1545 284 M.
1648 176 2018 281 FA1311
2127 179 3125 321 QiNcritlAm

709 483 1087 565 cin-,XIL
1115 467 1439 549 statem:
1506 463 1637 547 sed
1670 466 1863 549 'vitia
1901 459 2233 557 detrahit
2273 494 2292 541 ε
2357 483 2588 570 atque
2632 488 2732 541 eo
2783 458 2952 540 solo
3007 464 3263 541 minus
3297 461 3410 541 est

1110 577 1331 689 quod
1389 577 1630 659 literae
1695 576 2240 684 perpolierunt
2266 632 2288 665 ,
2354 601 2516 682 quo
2568 571 2869 653 melius.
2979 578 3280 654 Verum
3328 576 3406 654 hi

1116 693 1758 802 pronunciatione
1812 714 2124 796 quoque
2182 688 2473 766 famam
2514 684 2821 767 dicendi
2884 682 3158 765 fortius
3210 714 3407 794 quae-

1113 825 1319 886 runt.
1455 810 1664 882 Nam
1722 810 1801 881 &
1853 801 2192 879 clamant
2255 799 2542 905 ubique
2593 855 2618 889 ,
2707 805 2785 879 δε
2839 804 3108 878 omnia
3162 797 3410 879 levata

1117 926 1255 1010 (ut
1314 911 1450 1020 ipfi
1503 925 1838 1008 vocant)
1903 938 2143 991 manu
2188 915 2592 1016 emugiunt
2631 966 2654 1000 ,
2721 911 2972 990 multo
3033 909 3405 1007 discursu,

1104 1027 1496 1116 anhelitu,
1514 1028 1949 1129 jaRatione,
1963 1024 2209 1128 gestu,
2241 1045 2466 1102 motu
2506 1026 2773 1128 capitis
2812 1023 3166 1102 furentes.
3233 1025 3409 1132 Jam

1108 1137 1482 1221 collidere
1514 1166 1785 1216 manus
1807 1192 1834 1227 ,
1897 1157 2120 1214 terrae
2157 1132 2440 1240 pedem
2484 1137 2831 1214 incutere
2852 1190 2876 1225 ‚
2927 1134 3187 1215 femur
3210 1189 3236 1223 ,
3281 1165 3414 1243 pc-

1106 1254 1268 1340 ctus
1306 1308 1330 1343 ,
1382 1250 1727 1333 frontem
1784 1245 2124 1336 caedere,
2183 1250 2378 1325 mire
2427 1244 2524 1325 ad
2574 1246 2958 1351 pullatum
3026 1248 3408 1328 circulum

1105 1365 1289 1443 facit
1327 1395 1345 1439 z
1413 1390 1595 1441 cum
1638 1360 1767 1449 ille
1830 1358 2170 1438 eruditus
2209 1414 2231 1445 ,
2276 1380 2363 1437 ut
2403 1362 2484 1436 in
2528 1363 2886 1438 oratione
2924 1360 3171 1438 multa
3211 1358 3406 1439 sum-

1106 1480 1470 1564 mittere,
1514 1480 1851 1561 variare‚
1895 1469 2347 1575 disponere,
2397 1473 2502 1547 ita
2559 1473 2794 1549 etiam
2856 1473 2937 1548 in
2983 1478 3414 1575 pronunci-

1004 1646 1009 1652 .
1105 1586 1319 1668 ando
1365 1584 1589 1665 suum
1642 1587 1920 1690 cuique
1970 1608 2247 1660 eorum
2282 1608 2452 1689 quae
2491 1578 2746 1672 dicet,
2782 1580 3058 1660 -colori
3100 1608 3417 1664 accom-

1103 1698 1430 1781 modare
1482 1696 1738 1775 astum
1780 1693 1955 1777 sciat
2001 1722 2023 1771 z
2099 1698 2178 1773 ὅ(
2239 1690 2294 1771 s1
2345 1690 2534 1800 quid
2582 1691 2677 1771 sit
2730 1716 3096 1799 perpetua
3147 1696 3411 1775 obser-

1103 1814 1419 1893 vatione
1467 1804 1844 1913 dignum,
1882 1801 2278 1885 modestus
2319 1810 2400 1884 &
2434 1801 2576 1883 esse
2621 1810 2700 1887 &
2746 1803 2992 1885 videri
3029 1807 3292 1886 malit.
3307 1814 3414 1886 At

1107 1920 1223 2001 illi
1277 1922 1474 1999 hanc
1550 1920 1717 1999 vim
1767 1914 2161 2023 appellant
2196 1971 2226 2006 ,
2290 1943 2464 2023 quae
2523 1915 2634 1995 est
2685 1919 2946 2022 potius
2990 1918 3372 1998 violentia
3397 1950 3422 1999 z

1103 2059 1288 2123 cum
1327 2033 1644 2110 interim
1690 2057 1857 2108 non
1901 2028 2197 2108 astores
2237 2025 2490 2107 modo
2517 2026 2814 2134 aliquos
2856 2032 3258 2121 invenias,
3291 2030 3424 2110 sed

1102 2153 1139 2240 (
1160 2141 1376 2252 qu‘od
1418 2140 1531 2222 est
1565 2145 1914 2246 turpius)
1965 2161 2477 2245 praeceptores
2540 2144 2824 2229 etiam,
2888 2142 3026 2249 qui
3085 2140 3428 2223 brevem

1099 2252 1413 2337 dicendi
1453 2256 2096 2333 exercitationem
2148 2250 2592 2342 consecuti,
2650 2252 2925 2332 omiss'a
2959 2258 3263 2333 ratione
3285 2312 3312 2346 ,
3337 2280 3424 2336 ut

1101 2366 1282 2448 tulit
1324 2369 1661 2473 impetus
1688 2420 1714 2455 ,
1774 2360 2052 2471 passim
2089 2360 2704 2448 tumultuentur,
2751 2365 3034 2473 eostlue
3060 2369 3206 2474 qui
3243 2367 3430 2474 plus

1096 2478 1420 2559 honoris
1460 2479 1699 2556 literis
1755 2475 2193 2554 tribuerunt
2233 2531 2256 2567 ,
2323 2480 2406 2555 ὅ(
2449 2476 2752 2583 ineptos
2804 2534 2834 2563 ,·
2915 2480 3000 2559 δε
3061 2478 3385 2580 jejunos
3409 2539 3434 2573 ,

1099 2597 1183 2678 &
1226 2589 1567 2696 trepidos
1596 2643 1625 2681 ,
1663 2594 1744 2668 δε
1794 2585 2147 2666 infirmos
2190 2642 2211 2678 ,
2269 2611 2355 2668 ut
2392 2586 2785 2696 quodque
2835 2587 3168 2696 verbum
3233 2622 3436 2674 con-

1106 2698 1813 2782 tumeliosiffimum
1855 2702 2200 2778 occurrit
2237 2753 2264 2787 ,
2330 2700 2746 2806 appellant.
2883 2689 3207 2783 ‘Verum
3277 2705 3444 2786 illis

1096 2811 1420 2923 quidem
1461 2809 1943 2918 gratulemur
1978 2864 2009 2900 ,
2069 2807 2227 2890 fine
2277 2809 2540 2890 labore
2575 2868 2606 2903 ,
2640 2811 2801 2893 fine
2851 2814 3155 2893 ratione
3176 2871 3206 2906 ‚
3267 2817 3443 2898 sine

1102 2923 1508 3030 disciplina
1539 2918 1863 3001 disertis,
1924 2947 2072 3000 nos
2109 2919 2430 3029 quando
2468 2927 2550 3003 δε
2591 2923 3086 3031 praecipiendi
3122 2953 3452 3012 munus

1102 3039 1346 3120 etiam
1403 3031 1717 3141 pridem
1773 3031 2166 3141 deprecati
2230 3032 2491 3115 sumus
2524 3090 2555 3125 ,
2613 3040 2695 3116 &
2745 3037 2833 3115 in
2872 3034 3051 3116 foro
3088 3062 3454 3153 quoque

1102 3143 1417 3242 dicendi
1458 3178 1482 3241 3
1554 3149 1737 3256 quia
1775 3143 2398 3228 honestissimum
2453 3145 2700 3227 finem
2754 3148 3219 3254 putabamus
3241 3210 3272 3244 ‚
3306 3155 3468 3237 de-

1108 3260 1357 3350 finere
1391 3254 1586 3339 dum
1633 3254 2289 3354 defidemremur3
2350 3259 2818 3365 inquirendo
2854 3258 3468 3376 scribendoque

1108 3370 1292 3454 talia
1346 3367 1844 3449 consolemur
1884 3371 2138 3448 otium
2192 3369 2542 3451 nostrum
2587 3428 2609 3462 ,
2693 3399 2862 3479 quae
2931 3372 3188 3451 futura
3268 3383 3472 3460 usui

1110 3484 1336 3567 bonae
1376 3483 1663 3560 mentis
1712 3480 2121 3584 juvenibus
2173 3481 2678 3576 arbitramur,
2713 3484 2940 3565 nobis
2979 3506 3200 3566 certe
3265 3490 3480 3576 sunt

1106 3592 1518 3701 voluptati.

693 3866 1085 3966 Cuxm.
1333 3854 1600 3930 Nemo
1640 3839 1905 3927 autem
1946 3874 1991 3926 a
2027 3873 2161 3928 me
2215 3852 2472 3957 exigat
2525 3849 2608 3929 id
2653 3873 3268 3956 praeceptorurn
3335 3887 3492 3967 ge.

1110 3987 1252 4048 nus
1271 4014 1299 4057 ‚
1362 3961 1579 4074 quod
1620 3958 1731 4045 est
1788 3987 1833 4042 a
1892 3957 2276 4070 plerisque
2333 3960 2825 4072 scriptoribus
2883 3965 3492 4167 -mimgjtffi'
