3557 5113
1359 202 1512 309 M.
1621 206 1990 309 FAnu
2152 195 3134 326 chntutm
3279 319 3298 329 ,

1090 488 1417 544 morum
1467 460 1608 568 qui
1654 452 1920 538 diserti
1958 452 2479 542 habebantur,
2521 448 3059 558 reliquerunt:
3124 453 3230 537 Ea
3266 478 3399 538 vt>-

1090 599 1207 656 to
1227 572 1587 654 destituta
1607 627 1632 659 ‚
1672 565 2229 672 infirmioribus
2265 566 2591 670 ingeniis
2630 564 2848 646 velut
2877 562 3154 671 praedae
3209 564 3395 647 fuit:

1093 684 1281 765 Inde
1319 680 1664 792 quidam,
1706 700 2115 760 contemto
2157 679 2352 757 bene
2395 674 2703 756 dicendi
2743 676 3009 758 labore
3023 733 3046 767 ,
3081 676 3186 759 ‚ad
3242 677 3410 759 for-1

1096 794 1425 876 mandes
1461 797 1803 882 animos,
1864 787 2440 895 statuendasque
2502 792 2681 869 vitae
2761 787 2971 897 leges
3033 788 3349 897 regreffi
3374 848 3396 880 ‚

1096 931 1401 1016 partem
1452 902 1777 1013 quidem
1817 906 2215 1010 potiorem
2238 957 2261 994 ,
2316 898 2375 980 si
2436 897 2678 982 dividi
2720 901 2965 1008 poffet
2984 958 3010 995 ,
3065 906 3402 985 retinue-

1000 1088 1006 1097 .
1097 1041 1281 1101 runt
1320 1075 1343 1110 ‚
1412 1042 1710 1097 nomen
1762 1038 2031 1094 tamen
2083 1013 2218 1094 fibi
2273 1010 2946 1093 insolentissimum
2996 1042 3403 1121 arrogave-

1096 1154 1280 1212 runt
1299 1186 1323 1220 ‚
1383 1151 1470 1210 ut
1508 1126 1650 1207 soli
1690 1125 2070 1233 sapientiae
2106 1120 2415 1205 studiosi
2452 1145 2955 1206 vocarentur:
3014 1124 3239 1233 quod
3273 1155 3402 1209 ne-

1101 1268 1256 1349 que
1297 1239 1580 1322 summi
1621 1246 2129 1343 imperatores
2176 1291 2201 1326 ,
2294 1258 2547 1341 neque
2612 1235 2695 1315 in
2742 1232 3074 1318 consiliis
3134 1266 3401 1320 rerum

1100 1357 1622 1434 maximarum
1658 1376 1744 1428 ac
1776 1352 2012 1428 totius
2045 1345 2702 1428 administratione
2738 1350 3176 1455 reipublicae
3211 1379 3406 1459 prae-

1100 1461 1505 1545 clariffime
1564 1459 1880 1551 versati,
1939 1456 2074 1539 fibi
2131 1482 2479 1566 unquam
2547 1458 2932 1542 vindicare
2989 1461 3160 1543 sunt
3233 1462 3404 1544 aufi-

1096 1580 1368 1657 Facere
1398 1574 1614 1652 enim
1646 1576 1948 1677 optima
1987 1597 2226 1678 quam
2277 1573 2740 1675 promittere
2771 1572 3235 1655 maluerunt.
3286 1580 3403 1656 Ac

1095 1707 1457 1770 veterum
1492 1680 1817 1790 quidem
1848 1681 2229 1788 sapientia:
2277 1680 2810 1786 profess'orum
2821 1683 3114 1767 multos
3145 1688 3224 1767 δε
3263 1688 3403 1767 ho-

1100 1797 1309 1879 nesta
1353 1791 1839 1902 praecepisse‚‘
1861 1799 1941 1875 ὅ(
1977 1814 2069 1875 ut
2105 1812 2639 1902 praeceperunt
2664 1796 2903 1875 etiam
2947 1793 3216 1880 vixiffe
3239 1856 3263 1893 ,
3299 1799 3438 1991 f?

1098 1908 1243 1993 cile
1279 1904 1816 1987 concesserirn:
1874 1905 2150 1986 nostris
2181 1930 2372 1987 vero
2402 1905 2882 2012 temporibus
2913 1908 3045 1991 sub
3076 1908 3238 1991 hoc
3266 1938 3319 1991 n

1095 2024 1308 2100 mine
1346 2019 1690 2098 maxima
1719 2019 1801 2095 in
1832 2016 2215 2127 plerisque
2269 2019 2456 2097 vitia
2492 2014 2926 2101 latuerunt:
2987 2048 3148 2102 non
3184 2024 3403 2101 enim

1093 2137 1382 2216 virtute
1433 2156 1522 2208 ac
1578 2123 1846 2209 studiis
1887 2151 1977 2209 ut
2028 2129 2491 2210 haberentur
2556 2129 3037 2238 philosophi,
3102 2133 3406 2213 labora-

1091 2243 1317 2325 bant:
1373 2237 1503 2320 sed
1556 2238 1908 2332 vultum,
1961 2247 2041 2322 &
2099 2239 2484 2320 tristitiam
2523 2297 2544 2331 ‚
2601 2247 2681 2321 ὅ(
2731 2240 3307 2325 dissentientem
3357 2244 3401 2325 ἐι

1095 2358 1389 2437 caeteris
1429 2352 1784 2436 habitum
1813 2350 2156 2463 pessimis
2181 2351 2529 2432 moribus
2556 2352 3160 2460 praetendebant.
3219 2358 3402 2438 Haec

1094 2490 1364 2548 autem
1395 2491 1569 2575 quae
1595 2462 1814 2545 velut
1849 2466 2169 2574 propria
2193 2462 2705 2572 philosophiae
2732 2465 3160 2550 afferuntur
3180 2524 3206 2561 ,
3246 2469 3401 2579 pac

1091 2578 1240 2659 sun
1272 2579 1687 2658 tractamus
1714 2603 2016 2658 omnes.
2068 2581 2263 2684 Qis
2298 2579 2514 2655 enim
2543 2602 2708 2656 non
2745 2573 2849 2660 de
2878 2580 3107 2682 Justo,
3147 2605 3400 2690 aequo,

1094 2715 1181 2770 ae
1218 2691 1474 2780 bone,
1525 2685 1777 2768 modo
1818 2711 1983 2769 non
2012 2693 2110 2771 δι’
2138 2691 2260 2771 vir
2291 2685 2706 2795 pellimus,
2746 2686 3145 2802 quuitur?
3212 2697 3401 2799 Qis

1093 2829 1261 2883 non
1331 2804 1570 2880 etiam
1639 2800 2109 2882 rusticorum
2165 2798 2425 2908 aliqua
2492 2797 2591 2881 de
2626 2802 2864 2884 caufis
2931 2805 3402 2889 naturalibus

1094 2911 1424 3022 quaeriti
1477 2917 1688 2990 Nam
1774 2912 2201 2996 verborum
2267 2914 2704 3019 proprietas
2765 2942 2857 2997 ae
2919 2916 3358 3000 differentia
3378 2973 3403 3009 ‚

1091 3025 1458 3105 omnibus
1491 3025 1628 3130 qui
1659 3020 2106 3105 strmonem
2138 3052 2346 3105 curae
2377 3025 2663 3105 habent
2679 3078 2706 3116 ,
2739 3025 2971 3112 debet
3000 3029 3144 3109 esse
3183 3037 3410 3110 corn-⁴

1092 3138 1375 3217 munis.
1480 3132 1635 3216 Sed
1661 3161 1750 3216 ea
1783 3141 1864 3217 ὃ(
1901 3135 2086 3219 sciet
2113 3139 2462 3246 optime,
2495 3141 2579 3219 ὅ(
2613 3137 3032 3246 eloquetur
3079 3161 3406 3224 orator:

1095 3253 1231 3357 qui
1270 3244 1330 3330 fi
1382 3243 1636 3327 fixiffet
1679 3245 2102 3357 aliquando
2133 3248 2555 3358 perfectus,
2602 3277 2767 3331 non
2819 3282 2863 3333 a
2895 3247 3404 3362 philosppho-

1097 3387 1279 3441 rum
1314 3357 1597 3441 stholis
1623 3363 1939 3441 virtutis
1971 3383 2359 3470 praecepta
2409 3382 2879 3470 peterentur.
2990 3359 3222 3447 Nunc
3266 3383 3406 3445 ne-

1099 3467 1290 3553 eess'e
1337 3467 1453 3549 est
1485 3468 1585 3549 ad
1623 3494 1760 3550 eos
1794 3469 2214 3580 afiquando
2247 3473 2598 3555 austeres
2629 3469 3023 3559 recurrere
3039 3534 3064 3569 ‚
3086 3480 3230 3586 qui
3272 3475 3406 3557 de·

1102 3582 1383 3664 sertam
1451 3589 1589 3677 (ut
1642 3578 1863 3682 dixi)
1915 3602 2224 3691 partem
2273 3586 2633 3669 oratoriae
2691 3591 2874 3669 artis
2894 3643 2919 3682 ,
2982 3588 3410 3690 meliorem

1101 3691 1526 3803 praestertim
1563 3714 2145 3802 occupaverunt
2169 3750 2194 3791 ,
2234 3698 2317 3782 δε
2356 3697 2601 3782 veluti
2641 3701 2996 3783 nostrum
3044 3701 3409 3809 reposce-

1098 3831 1186 3886 re
1224 3836 1246 3886 :
1343 3830 1511 3885 non
1560 3824 1650 3885 ut
1704 3833 1851 3889 nos
1885 3806 2209 3891 illorum
2246 3830 2562 3896 utamur
2591 3816 2974 3907 inventis,
3009 3812 3151 3896 sed
3185 3838 3290 3896 ut
3319 3815 3412 3896 il-··‘

1082 3916 1220 4002 loe
1270 3915 1534 4003 alienis
1574 3915 1747 4002 usos
1804 3919 1951 4008 effe
1988 3919 2431 4009 doceamus.
2535 3928 2648 4010 Sit
2690 3926 2934 4037 igitur
2962 3948 3289 4122 ονειτεῡιΐζι1
3286 3932 3416 4010 vir

3007 4083 3010 4086 -
3174 4055 3209 4117 t
3296 4068 3359 4122 ns
3381 4075 3411 4129 φ
