3557 5113
286 281 530 444 De
565 271 1009 481 bgsz'it.
1051 277 1759 451 Oratoria,
1794 275 2090 433 Libr
2117 279 2376 435 111.
2591 298 2782 425 ,181
2819 409 2827 420 ,

197 605 545 716 quosdam
597 605 895 687 claritas
940 605 1099 713 ipsa
1148 609 1488 690 notiores
1528 610 1747 691 circa
1801 614 2021 704 vitia,
2070 616 2149 694 δε
2193 611 2472 693 invisos
2501 619 2688 697 Car.
2724 599 2894 701 VIR

208 723 417 826 magis
471 719 701 797 fecit:
774 722 852 798 ὅ(
908 721 987 796 in
1032 718 1525 826 quibusdam,
1564 727 1765 802 utin
1797 723 2060 805 Paride
2100 723 2473 806 traditum

205 831 337 920 est,
405 829 765 936 praedieta
821 833 1237 936 pernicies:
1303 837 1381 912 &
1421 840 1766 940 corporis
1811 863 1897 917 ac
1936 837 2266 916 fortuna:
2300 841 2471 944 qui-

202 942 486 1022 busdam
537 942 742 1021 mala
797 962 1332 1033 contemtum,
1396 967 1482 1023 ut
1535 942 1949 1039 Therfitae,
2021 970 2252 1055 atque
2291 951 2469 1027 lro:

206 1052 625 1163 quibusdam
692 1054 893 1132 bona
953 1057 1157 1135 vitiis
1231 1078 1594 1161 corrupta
1668 1056 1944 1138 odium
2005 1060 2471 1139 attulerunt:

211 1189 282 1244 ut
314 1170 541 1245 Nirea
593 1163 1034 1254 imbellem,
1072 1165 1534 1246 Plisthenem
1582 1168 2110 1275 impudicum,
2152 1197 2194 1248 a
2225 1176 2474 1276 poetis

209 1281 630 1383 accepimus.
745 1282 839 1355 Et
909 1279 1146 1355 animi
1213 1277 1546 1357 totidem
1604 1284 1786 1360 vitia
1815 1337 1837 1371 ‚
1904 1305 2100 1388 quot
2153 1285 2476 1362 virtutes

203 1387 384 1469 sunt:
437 1415 585 1467 nec
645 1391 903 1467 minus
958 1398 1194 1495 quam
1250 1392 1331 1468 in
1375 1388 1721 1470 laudibus
1752 1448 1772 1481 ‚
1831 1391 2122 1498 duplici
2178 1396 2478 1472 ratione

202 1504 604 1580 metantur.
708 1504 800 1578 Et
842 1500 1012 1605 post
1042 1522 1385 1579 mortem
1429 1500 1716 1602 adjesta
1756 1502 2208 1609 quibusdam
2250 1506 2478 1609 igno-

196 1616 410 1692 minia
438 1597 736 1690 estz'ut
781 1611 1065 1702 Meno,
1132 1616 1341 1714 cujus
1382 1611 1662 1693 domus
1706 1614 1873 1694 solo
1917 1638 2243 1722 aequata:
2275 1617 2476 1693 Mar-

194 1752 417 1832 coque
471 1720 816 1814 Manli0‚
868 1729 1077 1827 cujus
1125 1751 1576 1828 praenomen
1629 1754 1673 1805 e
1720 1726 2013 1806 familia
2075 1729 2158 1804 in
2218 1726 2471 1831 poste-

194 1863 348 1914 mm
380 1857 787 1914 exemtum
830 1836 959 1914 est.
1041 1841 1131 1913 Et
1169 1860 1520 1939 parentes
1564 1837 1960 1917 malorum
1998 1837 2326 1917 odimus.
2375 1842 2471 1919 Et·

195 1948 290 2026 cst
322 1943 848 2027 conditoribus
886 1945 1192 2027 urbium
1232 1949 1515 2027 infame
1543 2005 1565 2039 ,
1631 1947 2090 2029 contraxisse
2125 1949 2468 2055 aliquam

191 2057 680 2165 perniciosam
723 2063 1012 2138 caetcris
1067 2079 1425 2164 gentem,
1493 2059 1737 2167 qualis
1807 2061 1915 2139 cst
1987 2063 2281 2167 primus
2329 2061 2464 2168 Ju-

191 2169 400 2251 daicae
473 2169 1023 2276 superstitionis
1086 2169 1407 2249 austor:
1497 2175 1573 2252 ὅ(
1645 2174 2180 2252 Gracchorum
2260 2172 2474 2279 leges

194 2283 463 2378 invisae:
564 2288 641 2362 ὃ(
674 2280 732 2359 fi
781 2282 994 2390 quod
1044 2281 1156 2360 est
1200 2282 1652 2388 exemplum
1724 2282 2078 2364 deforme
2147 2281 2471 2390 posteris

198 2393 535 2474 traditum
560 2451 584 2485 ‚
649 2394 877 2501 quale
928 2392 1261 2474 libidinis
1321 2398 1442 2474 vir
1484 2395 1736 2475 Perses
1808 2401 1889 2474 in
1957 2396 2282 2474 muliere
2341 2400 2474 2474 Sa«

191 2518 341 2584 mia
388 2507 773 2587 instituere
836 2506 1048 2587 ausus
1100 2504 1385 2585 dicitur
1434 2511 1748 2614 primus,
1861 2505 2028 2587 Sed·
2062 2506 2143 2589 in
2199 2507 2469 2587 viven-

196 2619 375 2699 tibus
409 2643 717 2727 quoque
763 2616 1043 2719 judicia
1076 2617 1492 2698 hominum
1542 2619 1758 2701 velut
1802 2640 2255 2725 argumenta
2295 2618 2471 2700 sunt

190 2756 519 2822 morum,
587 2738 666 2812 &
723 2731 979 2810 honos
1026 2726 1155 2810 aut
1192 2734 1620 2836 ignominia
1658 2756 1927 2813 veram
1969 2731 2115 2810 esst:
2160 2730 2476 2812 laudem

194 2842 305 2921 vel
342 2844 996 2949 vituperationem
1040 2843 1332 2949 probat.
1450 2843 1801 2924 Interesse
1858 2866 2121 2924 tamen
2171 2842 2470 2921 Aristo-

194 2953 359 3034 teles
435 2976 657 3062 putat
725 2954 858 3032 ubi
935 2953 1274 3063 quidque
1335 2954 1691 3035 laudetur
1769 2980 1904 3039 aut
1957 2959 2475 3060 vituperetur.

189 3068 388 3146 Nam
436 3069 869 3172 plurimum
940 3067 1173 3145 refert
1249 3069 1385 3173 qui
1437 3064 1585 3145 lint
1635 3065 2114 3147 audientium
2160 3093 2473 3156 more5‚

188 3202 355 3282 quae
388 3180 689 3284 publice
729 3200 1055 3283 recepta.
1094 3177 1474 3284 persuasio
1508 3207 1525 3256 t
1622 3199 1707 3257 ut
1743 3177 1873 3256 iila
1909 3178 2256 3256 maxime
2303 3203 2476 3283 quae

191 3290 492 3391 probant
528 3347 555 3386 ,
643 3289 790 3368 effe
850 3293 932 3368 in
989 3317 1086 3370 eo
1143 3294 1279 3396 q'ui
1339 3286 1815 3380 laudabitur,
1872 3286 2237 3368 credant:
2335 3310 2469 3369 aut

193 3401 271 3477 in
312 3429 397 3480 co
452 3423 728 3483 contra
779 3427 1016 3509 quern
1070 3401 1463 3492 dicemuS,
1521 3427 1609 3480 ea
1663 3426 1835 3510 quae
1879 3399 2211 3481 oderint.
2360 3401 2468 3480 lta

201 3534 346 3589 non
381 3513 703 3595 dubium
744 3517 890 3593 erit
938 3513 1350 3616 judicium,
1416 3508 1631 3621 quod
1668 3516 2108 3594 orationem
2151 3512 2468 3619 praeces-'-

199 3617 375 3701 scrit„
448 3626 800 3731 Ipsorum
843 3630 1079 3705 etiam
1119 3623 1643 3731 permiscenda
1684 3626 1847 3705 laus
1888 3626 2209 3731 semper.
2275 3650 2459 3702 nam

194 3729 276 3809 id
313 3734 701 3821 benevolos
758 3738 982 3817 facit-z
1062 3742 1362 3845 quoties
1400 3740 1679 3818 autem'
1707 3737 1890 3818 fieri
1934 3741 2247 3845 poterit,
2272 3762 2458 3815 cum

179 3853 511 3929 materiae
543 3851 888 3931 utilitate
921 3848 1328 3956 jungenda.
1398 3854 1658 3932 Minus
1701 3849 2268 3932 Lacedaemone
2305 3847 2458 3927 stu-

171 3953 288 4036 dia
332 3959 780 4052 literarum,
848 3987 1086 4069 quam
1134 3964 1459 4043 Athenis
1486 4020 1508 4054 ‚
1560 3964 1881 4044 honoris
1914 3963 2464 4057 merebuntur3

158 4070 321 4179 plus
349 4078 770 4183 patientia,
829 4100 918 4154 ac
967 4072 1365 4155 fortitudo.
1514 4080 1778 4185 Rapto
1843 4077 2108 4158 vivere
2159 4067 2466 4262 quicllausl‘

1412 4190 1472 4265 Z
1520 4212 1558 4287 3
2330 4206 2472 4262 am
