3557 5113
310 235 549 404 De
585 228 1025 445 Instit.
1082 236 1816 420 Oratoria,
1858 235 2169 409 Lib⁴
2230 245 2412 400 V.
2580 209 2779 397 {315

216 591 284 648 us
317 565 415 647 est
456 571 637 648 artis
655 604 679 660 ,-
768 560 1098 678 ideoque
1136 592 1282 649 nec
1319 572 1653 650 rationes
1695 558 1977 652 eorum
2031 594 2177 656 nec
2217 562 2483 660 exenia
2505 575 2894 658 cmxlii.

218 682 316 788 pla
343 679 633 760 tradere
682 682 970 762 necesse
1021 682 1149 761 est.
1249 680 1332 763 Id
1360 710 1675 791 quoque
1718 684 2123 791 (obsc'urum
2162 699 2475 792 vocant)

219 795 387 903 quod
428 794 722 874 secreto
765 800 842 876 ὅ(
904 791 1061 874 fine
1123 793 1309 874 teste
1356 818 1485 875 aut
1526 788 1995 903 argumento
2041 798 2326 882 dicitur
2371 807 2480 886 fa-

214 909 422 999 stum,
480 908 653 986 satis
703 932 971 988 natura
1031 907 1155 987 sua
1201 906 1611 988 infirmum
1661 905 1789 988 est.
1907 911 2206 993 Sufficit
2265 921 2480 999 enim

206 1020 385 1126 quod
436 1018 902 1100 adversarius
955 1042 1116 1098 non
1172 1016 1473 1126 probat.
1637 1026 1835 1100 Item
1892 1014 1947 1101 si
2006 1018 2102 1103 ad
2172 1029 2474 1110 causam

210 1160 337 1212 non
375 1138 727 1238 pertinet.
821 1132 945 1210 Est
986 1155 1248 1211 tamen
1289 1138 1614 1212 oratoris
1648 1135 1963 1213 interim
2008 1137 2361 1230 efficere,
2386 1166 2473 1222 ut

212 1244 358 1351 quid
395 1268 519 1325 aut
574 1245 1058 1324 contrarium
1095 1243 1238 1323 effe
1267 1300 1289 1334 ‚
1333 1268 1461 1323 aut
1506 1266 1548 1323 a
1594 1246 1810 1325 causa
1859 1245 2291 1340 diversum,
2339 1278 2468 1334 aut

201 1353 612 1435 incredibile
636 1407 658 1443 ,
706 1377 835 1434 aut
870 1355 1471 1461 supervacuum,
1518 1378 1649 1436 aut
1685 1349 1960 1438 nostra:
2002 1363 2256 1463 potius
2294 1390 2469 1443 cau-

202 1456 275 1547 sa:
309 1461 644 1548 videatur
690 1462 833 1546 esse
895 1472 1417 1569 conjund'cum.
1473 1469 1856 1569 Objicitur
1896 1468 2206 1575 Oppio,
2251 1475 2462 1580 quod

200 1576 281 1657 de
315 1582 645 1684 militum
690 1581 985 1659 cibariis
1027 1580 1479 1661 detraxerit:
1572 1580 1925 1686 asperum
1953 1586 2287 1662 crimen:
2335 1586 2461 1665 sed

200 1700 632 1772 contrarium
688 1690 1024 1772 ostendit
1067 1697 1344 1774 Cicero
1375 1749 1396 1783 ‚
1449 1688 1628 1800 quia
1687 1684 1931 1772 iidem
1993 1695 2460 1777 accusatores

205 1801 583 1903 objecerint
613 1809 924 1912 Oppio,
985 1798 1195 1915 quod
1234 1808 1292 1884 is
1337 1804 1671 1887 voluerit
1742 1809 2173 1886 exercitum
2231 1804 2461 1914 largi-

196 1909 375 1995 endo
423 1943 946 2025 corrumpere.
1088 1912 1351 1999 Testes
1411 1920 1492 2007 in
1525 1916 2010 1996 'Cornelium
2069 1919 2460 2000 accusator

191 2021 342 2109 lecti
375 2060 415 2110 a
470 2034 783 2117 tribuno
850 2028 1134 2109 codicis
1195 2025 1645 2137 pollicetur:
1716 2020 1896 2108 facit·
1972 2022 2126 2108 hoc
2178 2028 2460 2112 Cicero

186 2135 760 2245 supervacuum,-
824 2146 1004 2250 quia
1053 2139 1265 2222 idem
1332 2140 1655 2220 fateatur
1709 2135 1885 2244 ipse.
1998 2137 2191 2222 Petit
2237 2171 2453 2222 accu-
2517 2180 2526 2189 “

186 2250 530 2341 sationem
588 2260 670 2336 in
715 2261 1048 2335 Verrem
1100 2257 1432 2345 Quintus
1473 2253 1820 2332 Caecilius
1848 2309 1870 2342 ,
1940 2251 2156 2359 quod
2204 2254 2453 2334 fuerat

188 2370 480 2476 quaestor
515 2372 716 2470 ejus:
788 2366 1035 2474 ipsum
1075 2370 1356 2447 Cicero
1399 2387 1485 2444 ut
1524 2391 1671 2470 pro
1711 2362 1782 2441 se
1820 2356 2233 2448 videretur,
2266 2360 2447 2446 effe-

187 2468 291 2559 cit.
377 2489 667 2565 Caetera
704 2504 870 2588 quae
911 2498 1493 2587 proponuntur,-
1553 2493 2012 2555 communes
2054 2470 2270 2558 locos
2313 2470 2450 2559 ha-

187 2587 355 2674 bent.
517 2597 680 2675 'Aut
728 2596 942 2673 enim
996 2593 1431 2695 conjectura
1494 2589 1988 2669 excutiuntur
2017 2643 2041 2680 ,
2128 2613 2225 2670 an
2266 2620 2448 2672 vera

185 2703 347 2786 sint:
407 2732 538 2818 aut
607 2707 1002 2798 finitione,
1065 2729 1163 2785 an
1219 2697 1582 2812 propria:
1701 2712 1854 2781 aut‘
1887 2692 2298 2809 qualitate,
2354 2732 2451 2783 an

185 2813 593 2911 inhonesta,
659 2823 957 2929 iniqua,
992 2818 1394 2924 improba,
1439 2815 1896 2904 inhumana,
1942 2811 2318 2905 crudelia,
2370 2821 2447 2896 ὅ(

179 2953 416 3012 caetera
451 2957 625 3042 quae'
676 2937 748 3011 ei
783 2933 1050 3039 generi
1085 2927 1459 3009 accidunt.
1554 2926 1810 3034 anue
1864 2949 2026 3005 non
2073 2923 2321 3005 modo
2366 2921 2447 3007 in

174 3039 790 3149 propositionibus
847 3060 978 3124 aut
1026 3039 1446 3122 rationibus
1483 3086 1507 3130 5
1580 3037 1711 3117 sed
1766 3039 1848 3115 in
1931 3050 2107 3118 t'oto
2162 3056 2450 3144 genere

176 3155 461 3237 afflonis
498 3154 880 3238 intuenda.
971 3160 1103 3235 An
1147 3155 1239 3234 sit
1282 3149 1611 3232 crudelis
1638 3198 1660 3239 ,
1714 3163 1802 3228 u't
1845 3144 2172 3229 Labieni
2220 3149 2451 3228 Rabi-

183 3267 366 3346 rium
403 3267 563 3378 lege
620 3265 1223 3376 perduellionis:
1304 3261 1732 3342 Inhumana
1772 3308 1795 3351 ‚
1860 3282 1945 3339 ut
2008 3257 2448 3341 Tuberonis

173 3373 536 3484 Ligarium
583 3376 898 3462 exulem
933 3375 1388 3467 accusantis,
1456 3391 1686 3482 atque
1742 3369 1823 3451 id
1859 3376 2194 3478 agentis,
2232 3400 2332 3452 ne
2373 3375 2447 3453 ei

174 3491 382 3574 Caesar
418 3491 800 3603 ignoscat:
895 3488 1271 3598 Superba,
1340 3508 1423 3568 ut
1466 3491 1547 3566 in
1597 3489 1943 3592 Oppium
1981 3512 2078 3564 ex
2118 3484 2439 3592 epistola

176 3605 388 3686 Cottae
429 3637 662 3689 reum
710 3606 1019 3686 faCium.
1135 3601 1466 3683 Proinde
1515 3601 1984 3707 praecipiteS,
2039 3595 2436 3688 insidiosae,

177 3714 607 3819 impotentes
662 3715 1362 3825 deprehenduntur.
1481 3717 1592 3791 Ex
1635 3711 1913 3818 quibus
1961 3732 2223 3790 tamen
2278 3710 2440 3788 for-

171 3825 843 3923 :imme-invaseris,
909 3827 1124 3939 quod
1161 3825 1270 3907 est
1308 3848 1438 3907 aut
1482 3825 1843 3920 omnibus
1893 3820 2440 3929 periculosum3

156 3963 228 4018 ut
262 3943 437 4026 dicit
485 3951 777 4028 Cicero
876 3971 966 4023 ro
1012 3939 1350 4037 Tullios
1380 3947 1572 4045 Qis
1618 3937 1745 4018 bbc
1770 3937 2039 4040 statuit
2086 3963 2441 4045 unquam,

143 4081 249 4136 aut
267 4067 381 4141 cui
442 4058 738 4144 concedi
771 3972 933 4165 Jgje
950 4058 1236 4164 stemma
1288 4059 1605 4134 omnium
1645 4054 1968 4163 periculo
2017 4049 2248 4160 potest
2275 4100 2297 4136 2
2364 4066 2450 4121 ¹⁰

1383 4169 1524 4243 Rr
1587 4188 1627 4240 2
2284 4182 2446 4238 eum
