3557 5113
297 170 993 385 Delnstit.
1022 174 2065 361 Orcztoriassib
2074 180 2392 341 XII.
2592 194 2852 345 2615
2905 161 2906 166 l
2967 418 2973 425 ι

214 493 380 563 tor,
443 470 706 553 littora
753 475 834 553 δι
892 492 1223 579 portus,
1286 475 1418 556 δε
1432 500 1603 582 quae
1665 476 2208 583 tempestatum
2247 478 2298 561 Γ
2277 508 2500 588 gna
2532 503 2722 593 ΟΔ,
2741 501 2922 598 20,

212 583 402 692 quid
437 582 777 664 secundis
818 582 1170 670 flatibus,
1224 585 1412 693 quid
1457 585 1785 669 adverfis
1825 594 2008 672 ratis
2046 592 2331 697 poscat,
2356 592 2501 674 do-

214 697 466 776 cebit:
525 722 689 776 non
722 694 1217 776 humanitatis
1246 696 1497 778 solum
1542 704 1946 780 communi
1996 701 2265 784 ductus
2311 706 2501 793 effi<

211 810 392 891 cio,
447 804 578 886 sed
611 833 881 886 amore
919 807 1265 915 quodam
1319 812 1593 916 operis,
1684 814 1953 891 Nemo
1992 817 2204 894 enim
2242 805 2506 898 minui
2599 869 2606 874 -

209 918 399 1002 velit
438 915 567 1008 id,
630 921 712 999 ιιι
746 944 930 1025 quo
951 923 1336 1000 maximus
1381 920 2131 1030 filit.Q1idporro
2186 925 2310 1005 est
2348 929 2506 1007 ho·

209 1029 548 1120 aestiua,
609 1055 849 1136 quam
888 1028 1172 1111 docere
1208 1031 1426 1140 quod
1468 1034 1769 1139 optime
1811 1033 1904 1111 s
1912 1063 1992 1115 as
2030 1036 2053 1094 ι
2118 1041 2237 1117 Sic
2275 1038 2375 1118 ad
2411 1023 2492 1118 se-

209 1140 534 1222 Caelium
587 1138 1000 1220 deductum
1022 1169 1064 1222 a
1083 1164 1300 1248 patre
1331 1146 1612 1225 Cicero
1653 1060 2084 1250 ριοήβιιειιιι.
2163 1153 2280 1229 Sic
2305 1153 2490 1229 Pan.

209 1252 404 1336 lam,
446 1254 799 1332 Hirtium
841 1306 867 1344 ‚
934 1254 1426 1335 Dolabellam
1482 1258 1565 1334 in
1625 1281 1936 1334 morem
1988 1263 2501 1365 praeceptoris.
2601 1333 2608 1355 A,

206 1370 600 1454 exercuit,
639 1364 988 1471 quotidie
1043 1365 1305 1445 dicens
1356 1423 1381 1451 ,
1440 1364 1926 1474 audiensque
2053 1375 2172 1449 Ac
2233 1370 2500 1450 nescio

207 1501 304 1556 an
352 1500 534 1556 eum
587 1496 773 1555 tunc
808 1475 1325 1557 beatiffimum
1383 1475 1594 1557 credi
1632 1498 1992 1582 oporteat
2040 1480 2250 1572 fore,
2309 1509 2496 1562 cum

202 1588 361 1690 jam
396 1585 723 1666 secretus
779 1592 860 1668 δε
904 1587 1441 1673 consecratus,
1500 1588 1698 1668 liber
1762 1588 2130 1676 invidia.
2221 1590 2499 1698 procul

206 1697 890 1790 contentionibus,
955 1698 1245 1780 famam
1291 1703 1371 1780 in
1416 1721 1592 1780 tuto
1657 1698 2065 1782 collocarit
2093 1757 2120 1795 ,
2204 1708 2287 1784 δι
2329 1703 2496 1783 sen-

206 1813 348 1890 tiet
406 1812 623 1892 vivus
693 1837 867 1889 eam
914 1838 1086 1921 quae
1125 1811 1299 1918 post
1345 1811 1499 1891 fata
1564 1810 1900 1916 praestari
1954 1818 2203 1922 magis
2254 1813 2503 1905 solet,

202 1924 789 2002 venerationem
811 1972 837 2015 ,
887 1929 966 2006 &
1001 1923 1186 2031 quid
1223 1922 1428 2029 apud
1459 1922 1807 2030 posteros
1834 1923 2135 2009 futurus
2167 1922 2259 2005 fit
2279 1979 2306 2019 ‚
2369 1927 2486 2010 vi-

204 2030 451 2113 debit.

430 2257 788 2340 Conscius
850 2255 1015 2339 sum
1055 2195 1292 2345 milii,
1349 2209 1726 2368 quantum
1773 2256 2310 2341 mediocritate
2352 2287 2483 2344 va·

202 2367 375 2459 lui,
429 2394 750 2479 quaeque
807 2391 1030 2451 antea
1080 2371 1441 2454 scierim,
1507 2398 1830 2480 quaeque
1868 2375 2126 2490 operis
2180 2369 2491 2475 hujusce

200 2483 459 2605 gratia
472 2485 859 2608 potuerim
897 2485 1335 2591 inquirere,
1394 2481 1719 2564 candide
1750 2509 1885 2562 me
1920 2502 2150 2588 atque
2201 2481 2486 2590 fimpli-

204 2595 399 2673 citer
441 2594 524 2671 in
568 2595 933 2674 notitiam
985 2591 1389 2678 eorum,s1
1428 2598 1561 2702 qui
1588 2594 1801 2674 ‘forte
1838 2593 2301 2699 cognoscere
2343 2622 2485 2676 vo-

200 2702 505 2784 luiffent
563 2760 589 2790 ,⁷
677 2704 1157 2811 protuliffe.
1228 2710 1490 2818 Atque
1565 2703 1648 2783 id
1690 2706 1865 2787 viro
1889 2704 2116 2785 bono
2148 2704 2316 2786 fiatis
2354 2704 2494 2797 est,

206 2812 538 2896 docuisse
564 2814 786 2924 quod
820 2814 1091 2896 scierit,
1192 2814 1505 2899 Vereor
1541 2836 1843 2901 tamen,
1910 2842 2011 2894 ne
2039 2839 2166 2897 aut
2203 2843 2488 2921 magna

206 2928 543 3008 nimium
584 2925 846 3009 videar
895 2930 1204 3031 exigere
1241 2980 1265 3015 ‚
1323 2930 1458 3033 qui
1498 2925 1831 3006 eundem
1875 2930 2136 3007 virum
2194 2927 2494 3005 bonum

209 3034 348 3117 esse
384 3095 408 3130 ,
456 3045 543 3120 &
583 3034 891 3118 dicendi
931 3044 1269 3140 peritum
1309 3036 1597 3117 velim·
1662 3057 1795 3113 aut
1837 3036 2149 3119 multa,
2201 3038 2330 3143 qui
2371 3054 2490 3113 tot

209 3150 543 3232 artibus
524 3175 601 3228 ιιι
648 3149 970 3254 pueritia
1011 3144 1381 3228 discendis
1422 3202 1444 3230 ,
1499 3172 1819 3225 morum
1863 3172 2173 3253 quoque
2214 3171 2492 3251 praece·

204 3282 389 3366 pta,
453 3266 538 3344 δι
573 3260 964 3340 scientiam
1018 3261 1203 3360 juris
1236 3257 1480 3338 civilis
1511 3312 1539 3349 ,
1603 3280 1882 3363 praeter
1924 3284 2014 3336 ea
2052 3284 2220 3365 quae
2272 3254 2371 3334 de
2409 3283 2490 3335 e-

207 3371 604 3499 loquentia
636 3370 1133 3467 tradebantur
1155 3426 1177 3464 ,
1235 3367 1719 3470 adjecerim5
1788 3373 2077 3476 quique
2113 3368 2275 3448 haec
2305 3395 2494 3472 ope-

212 3486 277 3560 ri
310 3485 581 3565 nostro
620 3462 1020 3563 necessaria
1075 3481 1220 3561 ess'e
1259 3478 1726 3560 crediderint
1761 3534 1787 3568 ,
1833 3480 2045 3561 velut
2096 3505 2495 3559 remoram

219 3595 832 3697 perhorrescant,
855 3621 943 3673 ae
973 3593 1378 3701 desperent
1398 3614 1574 3671 ante
1618 3595 2261 3717 experimentum.
2329 3592 2493 3716 Qi

218 3710 555 3812 primum
595 3708 1045 3789 renuncient
1078 3705 1239 3788 fibi
1248 3759 1274 3795 ,
1331 3724 1647 3813 quanta
1641 3700 1789 3782 ιιι
1829 3703 2149 3783 ιιυιιι3ιιι
2199 3702 2490 3806 ingenii

218 3817 388 3906 vis,
425 3844 653 3925 quam
714 3840 991 3923 potens
1055 3816 1446 3899 efficiendi
1503 3841 1667 3923 quae
1731 3814 1972 3898 velit·
2014 3814 2195 3897 cum
2249 3812 2495 3892 maria

212 3926 526 4017 tranfire
566 3985 592 4021 ,
676 3928 1040 4042 syderum
1100 3929 1355 4016 cursus
1400 3926 1917 4039 numerosque
1978 3922 2446 4039 cognoscere
2463 3971 2489 4012 ‚

1046 4088 1059 4103 ·
1308 4043 1497 4147 Ccc
1518 4062 1616 4121 cc
1665 4061 1702 4150 5
2249 4054 2493 4116 mun,
