3557 5113
265 250 508 416 De
540 245 984 454 Instit.
1041 247 1716 405 oratoria
1745 364 1803 433 ,
1831 244 2129 435 Lib.
2188 249 2370 404 X.
2555 223 2788 409 605

179 569 487 671 egregio
525 563 793 645 dixiss'c
835 563 1143 645 videtur
1197 563 1556 643 Servilius
1612 569 2016 647 Novianus
2064 595 2284 673 pares
2324 597 2456 651 eos
2542 598 2756 678 cn·
2810 595 2865 670 1,

183 681 407 783 magis
445 703 683 785 quam
727 663 1015 761 similes
1074 711 1101 751 .-
1153 677 1285 783 qui
1328 681 1408 755 δε
1438 675 1594 783 ipst:
1624 679 1938 759 a0nobis
1978 679 2272 761 auditus
2308 683 2462 775 est,

181 791 343 871 clari
385 793 507 873 vir
543 791 879 895 ingenii,
917 795 997 869 δε
1031 787 1424 869 sententiis
1464 787 1780 881 creber,
1820 791 1950 871 sed
1980 797 2236 873 minus
2254 795 2460 899 pres-'-

183 903 303 993 sus,
335 929 569 1011 quam
603 899 935 981 historiae
981 901 1388 999 auctoritas
1426 901 1784 1007 postulat.
1844 909 2098 1003 Qam
2140 907 2458 1011 paulum

177 1039 373 1095 aetate
411 1013 845 1121 praecedens
917 1035 1101 1091 eum
1143 1011 1394 1091 Bassus
1452 1013 1796 1093 Aufidius
1840 1043 2148 1123 egregie
2194 1021 2456 1129 utique
2562 1081 2575 1096 .

179 1133 247 1207 in
275 1129 483 1209 libris
513 1125 693 1205 belli
733 1127 1179 1203 Germanici
1215 1125 1562 1230 praestitit
1586 1181 1608 1217 ‚
1646 1133 1930 1229 genere
1972 1131 2132 1235 ipso
2175 1131 2454 1237 proba-

179 1241 335 1321 bilis
385 1245 469 1319 in
509 1237 873 1339 omnibus
907 1293 931 1327 ,
999 1235 1129 1315 sed
1165 1239 1247 1315 in
1283 1237 1740 1343 quibusdam
1784 1241 1928 1319 fuis
1962 1243 2122 1345 ipse
2164 1245 2452 1325 viribus

177 1357 441 1433 minor.
499 1349 849 1457 Superest
885 1349 1159 1443 adhuc,
1199 1353 1277 1429 δε
1316 1371 1646 1429 exornat
1682 1355 1922 1431 aetatis
1964 1353 2242 1433 nostrae
2276 1355 2452 1461 glo-

177 1467 353 1545 riam
393 1521 421 1557 ‚
473 1467 593 1545 vir
627 1461 1063 1541 seculorum
1105 1467 1504 1555 memoria
1530 1463 1808 1569 dignus
1832 1519 1856 1555 ‚
1896 1467 2028 1573 qui
2072 1465 2270 1545 olim
2312 1495 2454 1547 no-

177 1578 605 1667 minabitur,
639 1601 847 1655 nunc
885 1573 1368 1677 intelligitur.
1462 1575 1716 1653 Habet
1752 1599 2138 1657 amatores
2192 1635 2216 1669 ,
2306 1607 2454 1661 nec

177 1695 607 1779 imitatoreS,
643 1711 729 1767 ut
763 1685 1111 1775 libertas,
1137 1713 1580 1795 quanquam
1612 1687 2078 1769 circumcisis
2116 1717 2286 1799 quoe
2334 1691 2452 1773 dia

177 1803 405 1893 xisset,
459 1805 527 1881 ei
567 1805 937 1881 nocuerit.
1035 1797 1181 1877 Sed
1217 1799 1508 1879 elatum
1552 1799 1854 1879 abunde
1900 1801 2252 1907 spiritum
2300 1859 2324 1893 ,
2366 1811 2448 1885 δε

173 1913 473 1995 audaces
525 1913 929 1993 sententias
969 1909 1500 2017 deprehendas
1538 1915 1780 1991 etiam
1820 1917 1900 1991 in
1942 1918 2030 1993 iis
2068 1943 2242 2023 quae
2284 1945 2446 1995 ma-

173 2049 361 2105 nent.
419 2033 611 2107 Sunt
641 2031 719 2105 &
755 2025 883 2103 alii
917 2023 1320 2127 scriptores
1362 2025 1552 2103 boni
1608 2055 1626 2101 ε
1664 2023 1794 2103 sed
1828 2053 1972 2105 nos
2004 2053 2292 2131 genera
2320 2027 2450 2109 de-v

171 2139 559 2241 gustamus»
605 2147 763 2217 non
797 2135 1300 2217 bibliothecas
1338 2139 1792 2215 excutimus.
1842 2145 2212 2219 Oratores
2256 2167 2450 2221 vero

175 2251 281 2327 vel
319 2253 699 2358 praecipue
741 2251 1101 2327 Latinam
1123 2247 1654 2354 eloquentiam
1674 2275 1942 2354 parem
1962 2249 2210 2329 facere
2238 2257 2446 2331 Grae-

171 2390 261 2442 cat
295 2364 619 2468 possunt.
725 2366 931 2438 Nam
975 2364 1442 2440 Ciceronem
1490 2364 1920 2468 cuicunque
1968 2390 2246 2444 eorum
2290 2364 2446 2444 for-

177 2478 337 2554 titer
367 2476 889 2582 opposuerim.
948 2480 1115 2552 Nec
1149 2476 1434 2576 ignoro
1490 2494 1862 2580 quantam
1920 2476 2116 2552 mihi
2182 2480 2440 2556 'conci-

175 2610 315 2666 tem
353 2616 725 2694 pugnam,
773 2612 957 2664 cum
993 2584 1414 2690 praesertim
1448 2584 1528 2666 id
1560 2612 1722 2664 non
1754 2584 1844 2664 sit
1876 2586 2292 2692 propositi,
2368 2610 2452 2668 ut

171 2726 331 2776 curn
373 2700 889 2780 Demostheni
935 2724 1388 2803 comparem
1434 2698 1588 2776 hoc
1628 2720 1988 2804 tempore
2078 2734 2100 2778 .·
2196 2728 2452 2808 neque

173 2814 361 2890 enim
387 2820 703 2892 attinet:
733 2840 911 2890 cum
951 2810 1568 2888 Demosthenem
1608 2814 1682 2888 in
1708 2812 1978 2916 primis
2002 2810 2450 2918 legendum,

173 2924 283 3002 vel
315 2924 811 3004 ediscendum
849 2926 1101 3028 potius
1141 2944 1432 3026 putem.
1550 2928 1912 3024 Qorum
1954 2952 2104 3028 ego
2124 2922 2454 3006 “virtutes

171 3034 553 3144 plerasque
597 3038 929 3114 arbitror
963 3032 1265 3120 similes,
1304 3032 1710 3114 confilium
1753 3090 1774 3124 ‚
1818 3034 2182 3118 ordinem
2254 3034 2456 3116 divi-

169 3146 415 3240 dendi,
463 3146 941 3256 praeparandi
981 3202 1001 3234 ‚
1039 3146 1418 3252 probandi
1460 3150 1844 3224 rationem
1875 3202 1896 3236 ,
1932 3140 2458 3230 „omniadeni-l

171 3285 307 3364 quc
353 3264 527 3370 quae
565 3262 733 3340 sunt
759 3264 1245 3338 inventionis,
1316 3264 1402 3336 ln
1442 3256 1886 3364 eloquendo
1906 3257 2014 3336 est
2054 3254 2304 3368 aliqua:
2334 3254 2456 3361 ‘di-f-

176 3372 515 3452 versitas:
571 3372 877 3468 densior
931 3374 1063 3450 ille
1123 3428 1145 3462 ‚
1197 3370 1330 3448 hic
1396 3368 1834 3476 copiosior:
1888 3368 2018 3448 ille
2066 3362 2462 3502 concludit

171 3482 525 3566 astris-fiius
573 3546 591 3570 ‚
665 3486 789 3564 hic
823 3486 1045 3562 ‘latius
1169 3506 1456 3586 pugnat
1510 3482 1638 3558 ille
1684 3480 2050 3570 acumine
2100 3474 2454 3590 semper}

173 3594 297 3672 hic
333 3596 881 3706 frequenter&
926 3594 1273 3702 pondere
1334 3628 1354 3670 :
1428 3594 1542 3676 illi·
1584 3592 1774 3672 nihil
1816 3592 2122 3682 detrahi·
2164 3588 2452 3704 potestss

169 3706 345 3784 huic
406 3714 595 3788 nibil
671 3708 936 3810 adjici-¹
963 3740 986 3786 .·
1031 3734 1231 3788 curae
1287 3706 1454 3812 plus
1500 3706 1906 3792 in‘il‘lmin
1951 3708 2102 3794 hoc
2150 3702 2460 3794 naturai.

165 3820 439 3914 Salibus
501 3848 713 3902 certe
753 3878 771 3910 ‚
868 3826 949 3900 δε
1012 3820 1676 3898 commiseratione
1706 3818 1778 3914 ⁴(
1818 3812 1988 3930 quae
2022 3814 2206 3928 dqu
2238 3796 2466 3905 fari*-

171 3950 389 4012 m'um
427 3940 511 4014 in
547 3934 935 4014 affefi’tibus
997 3934 1259 4014 valent
1304 3944 1332 4028 )
1402 3934 1804 4018 vincimus.
1870 3938 1974 4026 Et*
2002 3850 2304 4012 fb‘fftaffi:
2346 3920 2468 4040 illi

163 4070 327 4134 mos
369 4050 705 4132 civitatis
743 4046 1133 4128 abstulerit
1191 4066 1215 4132 2
1279 4042 1556 4126 stdq&
1602 4046 1828 4128 nobis
1878 4040 2016 4126 111³„
2034 4074 2210 4152 >quae
2253 4046 2458 4124 Atti-'-

1144 4162 1428 4264 Gggg
1475 4182 1517 4236 2
2390 4156 2464 4234 ci

955 4391 967 4427 Ι
