3557 5113
832 241 1064 389 362
1429 237 1594 348 M.
1701 240 2077 344 FAnu
2226 235 3241 370 chTivam*

805 533 1143 615 CAV-ffl-
1169 578 1443 638 manus
1489 552 1602 636 est
1639 555 1876 654 jocus.
1985 544 2137 630 Sed
2190 545 2514 655 quidam
2574 551 2681 628 ita
2742 545 2913 628 sunt
2960 557 3237 650 'recepta
3262 567 3351 622 au-

1174 668 1548 748 &oritatis
1584 671 1665 748 &
1702 683 1909 744 notae
1962 658 2447 744 verecundiae
2479 714 2504 752 ,
2549 680 2638 740 ut
2689 662 3028 740 nocitura
3058 654 3140 735 fit
3167 657 3233 734 in
3258 677 3353 732 eos

1024 789 1027 793 ‘
1179 776 1491 858 dicendi
1538 773 1984 883 petulantia.
2098 777 2309 850 Nam
2342 768 2442 851 de
2481 771 2759 851 anucis·
2783 773 2935 871 jam
2983 785 3358 875 praeceptum

1179 887 1312 968 est.
1405 886 1604 969 Illud
1645 913 1808 966 non
1861 881 1960 964 ad
2014 879 2288 961 orandi
2329 881 2492 962 fere
2545 881 2945 963 confilium
2979 935 3000 969 ,
3057 875 3181 957 sed,
3205 872 3278 956 sd
3298 899 3360 951 ο-

1178 1003 1397 1080 mnia
1438 1003 1774 1106 pertinet
1818 1050 1843 1087 ‚
1903 1021 2004 1073 ne
2061 992 2358 1073 laceffit
2405 993 2559 1072 hoc
2615 992 2863 1075 modo
2911 1015 3127 1099 quem
3158 980 3360 1066 laedere

1179 1107 1274 1189 fit
1317 1108 1837 1218 periculosum
1878 1160 1903 1196 ‚
1966 1130 2067 1184 ue
2121 1124 2251 1184 aut
2299 1106 2726 1185 inimicitiae
2747 1102 3033 1211 'graves
3054 1096 3362 1202 inseqm

1185 1241 1317 1302 tur
1350 1273 1377 1313 ,
1431 1240 1592 1318 aut·
1620 1220 1866 1324 'turpis
1903 1213 2326 1296 satisfactio.
2410 1214 2619 1296 Male
2658 1220 2900 1297 etiam
2928 1199 3362 1314 dicitunquod

1184 1336 1272 1411 in
1324 1330 1583 1439 plures
1628 1329 1999 1413 convenit
2018 1381 2045 1417 ‚
2105 1323 2164 1408 fi
2211 1348 2344 1406 aut
2376 1329 2727 1408 nationes
2765 1349 2949 1409 totae
2991 1316 3363 1405 incess'anmn

1182 1462 1313 1523 aut
1363 1441 1716 1534 ordines,
1756 1461 1885 1520 aut
1922 1435 2279 1518 conditio
2312 1494 2338 1521 ,
2377 1461 2511 1518 aut
2550 1437 2791 1520 studia
2838 1437 3245 1519 multorum.
3270 1428 3364 1504 -Ea

1190 1578 1364 1661 quae
1414 1552 1604 1635 dicit
1661 1556 1784 1635 vir
1819 1551 2070 1630 bonus
2101 1603 2126 1632 ‚
2187 1552 2455 1630 omnia
2513 1547 2712 1633 salva
2757 1549 3121 1658 dignitate
3170 1567 3241 1621 ac
3275 1560 3365 1618 ve-

1190 1663 1557 1745 recundia
1610 1659 1911 1742 decent.
2025 1661 2387 1740 Nimium
2436 1665 2649 1742 enim
2706 1661 2895 1742 risus
2948 1657 3251 1767 precium
3272 1643 3365 1725 cst»

1192 1772 1252 1855 fi
1298 1775 1701 1880 probitatis
1721 1770 2151 1879 'impendio
2205 1771 2525 1851 constat.
2636 1771 2867 1856 Unde
2905 1792 3144 1852 autem
3186 1759 3370 1842 conci·

1189 1885 1418 1964 lietur
1464 1883 1653 1964 risus
1676 1940 1702 1975 ‚
1763 1882 2166 1992 &quibus
2214 1909 2313 1962 ex
2365 1881 2563 1963 locis
2601 1887 2764 1992 peti
2808 1884 3038 1965 soleat
3066 1934 3091 1971 ‚
3154 1865 3368 1988 difficilf

1186 1995 1474 2074 limum
1501 1995 1623 2074 est
1661 1993 1943 2075 dicere.
2012 1999 2259 2074 .Nam
2320 1992 2380 2072 fi
2416 1994 2722 2102 species
2784 2018 3083 2094 omnes
3110 1983 3368 2096 perseqm

1182 2105 1514 2189 velimus
1536 2161 1563 2197 ,
1608 2133 1756 2187 nec
1800 2104 2136 2188 modum
2195 2111 2669 2211 reperiemus
2704 2163 2729 2200 ‚
2809 2115 2892 2189 &
2948 2101 3195 2186 frustra
3228 2093 3370 2176 Ιώῠ-

1185 2218 1542 2299 rabimus.
1655 2225 1934 2325 Neque
2008 2226 2222 2296 enim
2279 2218 2668 2298 numerosi
2724 2225 2982 2300 minus
3046 2213 3199 2300 sunt
3236 2205 3370 2285 loth

1179 2338 1280 2409 ex
1332 2331 1611 2436 quibus
1669 2329 1832 2409 haee
1891 2328 2095 2409 dicia
2133 2383 2156 2418 ‚
2225 2354 2464 2435 quam
2504 2330 2625 2410 illi
2660 2359 2759 2411 ex
2818 2328 3085 2439 quibus
3133 2337 3373 2422 eaequas

1175 2440 1587 2519 sententias
1639 2466 2007 2523 vocamus
2038 2496 2061 2524 ,
2160 2435 2597 2532 ducuntur,
2655 2469 2925 2551 neque
2977 2439 3124 2519 affl
3176 2471 3177 2480 ¹
3229 2433 3377 2509 Nam

1180 2551 1313 2631 hic
1353 2579 1668 2660 quoque
1721 2551 1834 2632 est
1897 2553 2253 2633 inventio
2318 2558 2401 2633 δε
2459 2553 2810 2639 elocutio
2860 2610 2890 2645 ,
2968 2571 3189 2657 atque
3221 2534 3379 2656 ipsiu·s

1177 2663 1640 2744 elocutionis
1697 2667 1813 2746 vis
1850 2720 1878 2747 ‚
1940 2663 2086 2744 alia
2135 2667 2221 2742 in
2269 2664 2523 2745 verbis
2559 2720 2582 2755 ‚
2641 2666 2791 2745 alia
2841 2670 2927 2746 in
2968 2659 3226 2768 figuris.
3276 2652 3380 2727 Εἰ·

1181 2773 1300 2854 fiis
1356 2777 1594 2881 igitur
1633 2779 1995 2856 oriuntur
2040 2798 2176 2856 aut
2226 2802 2327 2854 ex
2379 2802 2711 2882 corpore
2762 2779 2923 2877 ejus
2974 2779 3053 2853 in
3098 2789 3291 2879 quem
3308 2755 3382 2835 ἀί·

1185 2889 1496 2966 cimus:
1558 2910 1689 2967 aut
1749 2915 1850 2966 ex
1912 2890 2182 2964 animo
2214 2940 2237 2974 ,
2315 2890 2453 2994 qui
2509 2889 2720 2967 faffis
2779 2891 2876 2969 ab
2947 2914 3043 2966 eo
3102 2871 3383 2978 diffisque

1182 2996 1634 3105 colligitur:
1701 3020 1837 3077 aut
1883 3024 1980 3075 ex
2024 2996 2144 3075 his
2197 3020 2373 3102 quae
2426 2997 2598 3079 sunt
2646 3021 2868 3080 extra
2923 2995 3173 3107 pofita.
3240 2990 3385 3065 lum

1182 3108 1346 3189 haee
1393 3112 1607 3189 enim
1650 3108 1763 3191 est
1810 3112 2066 3189 omnis
2106 3110 2628 3212 vituperatio:
2702 3138 2879 3220 quae
2920 3110 2976 3191 fi
3007 3104 3387 3214 gravium>

1183 3218 1319 3300 fita
1368 3219 1502 3311 fit,
1546 3220 1805 3304 severa
1858 3219 2022 3300 est:
2074 3217 2130 3298 fi
2174 3218 2461 3311 levius,
2491 3220 2840 3303 ridicula.
2980 3224 3166 3299 Haee
3208 3227 3387 3293 aito-

1186 3332 1688 3421 'stenduntur‚
1716 3356 1849 3411 aut
1892 3352 2346 3422 narrantur,
2412 3356 2544 3412 aut
2584 3332 2839 3440 digito
2878 3349 3251 3413 notantur.
3284 3323 3391 3441 lp·

1187 3468 1367 3522 rum
1440 3443 1550 3523 est
1599 3464 1859 3523 amem
1895 3499 1919 3535 ,
1986 3463 2072 3523 ut
2121 3443 2367 3525 oeulis
2429 3444 2813 3542 subjicere*
2853 3446 3281 3547 contingat,
3326 3446 3391 3504 α

1187 3553 1371 3634 fecit
1422 3562 1509 3635 C.
1565 3553 1817 3663 Julius
1860 3608 1884 3645 ‚
1966 3556 2130 3663 qui
2171 3582 2353 3635 cum
2425 3557 2748 3639 Helmio
2824 3557 3138 3637 Mancia·
3201 3542 3394 3650 saepitss

1184 3664 1654 3772 obstrepenti
1696 3663 1830 3746 fibi
1868 3666 2165 3748 diceret
2185 3722 2209 3758 ‚
2259 3665 2442 3772 Jam
2483 3670 2826 3774 ostendam
2872 3673 3099 3780 qualis
3129 3664 3282 3772 stas·
3338 3642 3399 3730 ὦ

1183 3803 1335 3884 que
1375 3777 1616 3884 piane
1662 3779 1976 3859 instaret
2008 3782 2630 3888 interrogatione
2670 3780 2992 3891 qualem
3033 3777 3105 3859 se
3154 3766 3401 3886 tandm}

1189 3889 1626 3972 ostensurus.
1644 3890 1823 3972 ess‘et
1845 3946 1868 3982 ‚
1923 3892 2175 4000 digito
2201 3892 2758 3976 demonstravit
2796 3895 3215 4000 imaginem
3243 3873 3397 3963 Gall!

1180 4004 1268 4084 in
1304 4003 1527 4086 scuto
1559 4008 1921 4088 Mariano
1950 4006 2359 4089 Cimbrico
2391 4008 2684 4117 pictam
2703 4063 2731 4100 ,
2792 4011 2927 4089 cui
2962 4001 3413 4187 Mandffiff
