<?xml version="1.0" encoding="UTF-8"?>
<!DOCTYPE html PUBLIC "-//W3C//DTD XHTML 1.0 Transitional//EN"
    "http://www.w3.org/TR/xhtml1/DTD/xhtml1-transitional.dtd">
<html xmlns="http://www.w3.org/1999/xhtml" xml:lang="en" lang="en">
 <head>
  <title>
</title>
<meta http-equiv="Content-Type" content="text/html;charset=utf-8" />
  <meta name='ocr-system' content='tesseract 3.04.00' />
  <meta name='ocr-capabilities' content='ocr_page ocr_carea ocr_par ocr_line ocrx_word'/>
</head>
<body>
  <div class='ocr_page' id='page_1' title='image "./deinstitutioneo00obregoog_0393.png"; bbox 0 0 3557 5113; ppageno 0'>
   <div class='ocr_carea' id='block_1_1' title="bbox 302 124 2795 425">
    <p class='ocr_par' dir='ltr' id='par_1_1' title="bbox 302 87 2795 425">
     <span class='ocr_line' id='line_1_1' title="bbox 302 124 2795 425; baseline 0.002 -48"><span class='ocrx_word' id='word_1_1' title='bbox 302 223 515 407; x_wconf 72' lang='lat' dir='ltr'>De,</span> <span class='ocrx_word' id='word_1_2' title='bbox 537 214 982 425; x_wconf 58' lang='lat' dir='ltr'><em>mstis.</em></span> <span class='ocrx_word' id='word_1_3' title='bbox 1022 124 1737 397; x_wconf 64' lang='lat' dir='ltr'>omma,</span> <span class='ocrx_word' id='word_1_4' title='bbox 1773 137 2067 394; x_wconf 65' lang='lat' dir='ltr'>Lib.</span> <span class='ocrx_word' id='word_1_5' title='bbox 2101 228 2352 389; x_wconf 78' lang='lat' dir='ltr'>iv.</span> <span class='ocrx_word' id='word_1_6' title='bbox 2546 129 2795 384; x_wconf 62' lang='lat'>249</span> 
     </span>
    </p>
   </div>
   <div class='ocr_carea' id='block_1_2' title="bbox 212 544 2790 1002">
    <p class='ocr_par' dir='ltr' id='par_1_2' title="bbox 212 544 2790 1002">
     <span class='ocr_line' id='line_1_2' title="bbox 216 544 2790 666; baseline 0.003 -32"><span class='ocrx_word' id='word_1_7' title='bbox 216 544 369 640; x_wconf 71' lang='lat' dir='ltr'>celse,</span> <span class='ocrx_word' id='word_1_8' title='bbox 411 571 489 631; x_wconf 91' lang='lat' dir='ltr'>ut</span> <span class='ocrx_word' id='word_1_9' title='bbox 540 544 696 656; x_wconf 66' lang='lat' dir='ltr'>&#39;ipsa</span> <span class='ocrx_word' id='word_1_10' title='bbox 737 547 1221 630; x_wconf 78' lang='lat' dir='ltr'>oratiuncula</span> <span class='ocrx_word' id='word_1_11' title='bbox 1265 577 1415 660; x_wconf 88' lang='lat' dir='ltr'>qua</span> <span class='ocrx_word' id='word_1_12' title='bbox 1455 553 1624 637; x_wconf 86' lang='lat' dir='ltr'>usus</span> <span class='ocrx_word' id='word_1_13' title='bbox 1670 556 1817 650; x_wconf 88' lang='lat' dir='ltr'>est,</span> <span class='ocrx_word' id='word_1_14' title='bbox 1849 579 2080 666; x_wconf 86' lang='lat' dir='ltr'>patet.</span> <span class='ocrx_word' id='word_1_15' title='bbox 2191 560 2444 643; x_wconf 86' lang='lat' dir='ltr'>Potest</span> <span class='ocrx_word' id='word_1_16' title='bbox 2465 582 2654 664; x_wconf 57' lang='lat' dir='ltr'>Cn,</span> <span class='ocrx_word' id='word_1_17' title='bbox 2675 587 2790 666; x_wconf 57' lang='lat'>111,</span> 
     </span>
     <span class='ocr_line' id='line_1_3' title="bbox 220 662 2440 779; baseline -0.001 -36"><span class='ocrx_word' id='word_1_18' title='bbox 220 690 408 743; x_wconf 83' lang='lat' dir='ltr'>autem</span> <span class='ocrx_word' id='word_1_19' title='bbox 435 663 693 769; x_wconf 74' lang='lat' dir='ltr'>paulo</span> <span class='ocrx_word' id='word_1_20' title='bbox 716 662 1019 768; x_wconf 83' lang='lat' dir='ltr'>longius</span> <span class='ocrx_word' id='word_1_21' title='bbox 1070 667 1281 743; x_wconf 79' lang='lat' dir='ltr'>exire</span> <span class='ocrx_word' id='word_1_22' title='bbox 1308 722 1331 755; x_wconf 89' lang='lat'>,</span> <span class='ocrx_word' id='word_1_23' title='bbox 1399 671 1534 773; x_wconf 82' lang='lat' dir='ltr'>qui</span> <span class='ocrx_word' id='word_1_24' title='bbox 1566 694 1945 774; x_wconf 66' lang='lat' dir='ltr'>praeparat</span> <span class='ocrx_word' id='word_1_25' title='bbox 1982 671 2268 779; x_wconf 75' lang='lat' dir='ltr'>aliquid</span> <span class='ocrx_word' id='word_1_26' title='bbox 2306 698 2440 754; x_wconf 78' lang='lat' dir='ltr'>an-</span> 
     </span>
     <span class='ocr_line' id='line_1_4' title="bbox 214 775 2439 885; baseline 0.005 -30"><span class='ocrx_word' id='word_1_27' title='bbox 214 799 271 855; x_wconf 85' lang='lat' dir='ltr'>te</span> <span class='ocrx_word' id='word_1_28' title='bbox 309 775 812 883; x_wconf 82' lang='lat' dir='ltr'>quaestionem‚</span> <span class='ocrx_word' id='word_1_29' title='bbox 864 781 944 855; x_wconf 73' lang='grc' dir='ltr'>δε</span> <span class='ocrx_word' id='word_1_30' title='bbox 989 781 1125 884; x_wconf 91' lang='lat' dir='ltr'>qui</span> <span class='ocrx_word' id='word_1_31' title='bbox 1166 776 1397 857; x_wconf 83' lang='lat' dir='ltr'>finitae</span> <span class='ocrx_word' id='word_1_32' title='bbox 1444 781 1891 885; x_wconf 88' lang='lat' dir='ltr'>probationi</span> <span class='ocrx_word' id='word_1_33' title='bbox 1944 782 2158 864; x_wconf 89' lang='lat' dir='ltr'>velut</span> <span class='ocrx_word' id='word_1_34' title='bbox 2219 813 2439 866; x_wconf 84' lang='lat' dir='ltr'>com-</span> 
     </span>
     <span class='ocr_line' id='line_1_5' title="bbox 212 885 2439 1002; baseline 0.005 -36"><span class='ocrx_word' id='word_1_35' title='bbox 212 886 725 967; x_wconf 87' lang='lat' dir='ltr'>mendationem</span> <span class='ocrx_word' id='word_1_36' title='bbox 767 885 1051 988; x_wconf 84' lang='lat' dir='ltr'>adjicit.</span> <span class='ocrx_word' id='word_1_37' title='bbox 1146 893 1255 968; x_wconf 87' lang='lat' dir='ltr'>At</span> <span class='ocrx_word' id='word_1_38' title='bbox 1291 892 1425 996; x_wconf 90' lang='lat' dir='ltr'>qui</span> <span class='ocrx_word' id='word_1_39' title='bbox 1474 918 1571 969; x_wconf 84' lang='lat' dir='ltr'>ex</span> <span class='ocrx_word' id='word_1_40' title='bbox 1609 893 1870 977; x_wconf 87' lang='lat' dir='ltr'>media</span> <span class='ocrx_word' id='word_1_41' title='bbox 1911 902 2292 1002; x_wconf 85' lang='lat' dir='ltr'>erumpit,</span> <span class='ocrx_word' id='word_1_42' title='bbox 2333 903 2439 978; x_wconf 90' lang='lat' dir='ltr'>ci-</span> 
     </span>
    </p>
   </div>
   <div class='ocr_carea' id='block_1_3' title="bbox 209 995 1775 1124">
    <p class='ocr_par' dir='ltr' id='par_1_3' title="bbox 209 995 1775 1124">
     <span class='ocr_line' id='line_1_6' title="bbox 209 995 1775 1124; baseline 0.004 -47"><span class='ocrx_word' id='word_1_43' title='bbox 209 1019 272 1077; x_wconf 82' lang='lat' dir='ltr'>to</span> <span class='ocrx_word' id='word_1_44' title='bbox 294 998 464 1078; x_wconf 88' lang='lat' dir='ltr'>adid</span> <span class='ocrx_word' id='word_1_45' title='bbox 516 998 775 1079; x_wconf 79' lang='lat' dir='ltr'>redire</span> <span class='ocrx_word' id='word_1_46' title='bbox 815 995 1093 1092; x_wconf 84' lang='lat' dir='ltr'>debet,</span> <span class='ocrx_word' id='word_1_47' title='bbox 1150 999 1352 1080; x_wconf 87' lang='lat' dir='ltr'>unde</span> <span class='ocrx_word' id='word_1_48' title='bbox 1397 1000 1775 1124; x_wconf 32' lang='lat' dir='ltr'>divertit.-</span> 
     </span>
    </p>
   </div>
   <div class='ocr_carea' id='block_1_4' title="bbox 96 1250 2848 4151">
    <p class='ocr_par' dir='ltr' id='par_1_4' title="bbox 148 1250 2848 3719">
     <span class='ocr_line' id='line_1_7' title="bbox 320 1250 2848 1372; baseline 0.004 -34"><span class='ocrx_word' id='word_1_49' title='bbox 320 1297 330 1309; x_wconf 88' lang='lat'><strong>·</strong></span> <span class='ocrx_word' id='word_1_50' title='bbox 367 1254 627 1340; x_wconf 82' lang='lat' dir='ltr'>SUNT</span> <span class='ocrx_word' id='word_1_51' title='bbox 679 1254 813 1366; x_wconf 90' lang='lat' dir='ltr'>qui</span> <span class='ocrx_word' id='word_1_52' title='bbox 854 1252 1278 1340; x_wconf 73' lang='lat' dir='ltr'>narrationi</span> <span class='ocrx_word' id='word_1_53' title='bbox 1321 1250 1936 1369; x_wconf 76' lang='lat' dir='ltr'>propositionem</span> <span class='ocrx_word' id='word_1_54' title='bbox 1968 1258 2428 1372; x_wconf 83' lang='lat' dir='ltr'>subjungant</span> <span class='ocrx_word' id='word_1_55' title='bbox 2451 1263 2522 1364; x_wconf 85' lang='lat' dir='ltr'><strong>C</strong></span> <span class='ocrx_word' id='word_1_56' title='bbox 2544 1287 2585 1337; x_wconf 69' lang='grc' dir='ltr'><strong>Α</strong></span> <span class='ocrx_word' id='word_1_57' title='bbox 2607 1287 2671 1343; x_wconf 68' lang='grc' dir='ltr'>ι’.</span> <span class='ocrx_word' id='word_1_58' title='bbox 2713 1251 2848 1347; x_wconf 75' lang='lat' dir='ltr'>lv.</span> 
     </span>
     <span class='ocr_line' id='line_1_8' title="bbox 198 1371 2425 1480; baseline 0.004 -32"><span class='ocrx_word' id='word_1_59' title='bbox 198 1381 493 1476; x_wconf 75' lang='lat' dir='ltr'>tanquam</span> <span class='ocrx_word' id='word_1_60' title='bbox 531 1393 837 1476; x_wconf 88' lang='lat' dir='ltr'>partem</span> <span class='ocrx_word' id='word_1_61' title='bbox 879 1371 1255 1469; x_wconf 75' lang='lat' dir='ltr'>judicialis</span> <span class='ocrx_word' id='word_1_62' title='bbox 1288 1379 1662 1460; x_wconf 81' lang='lat' dir='ltr'>materiae:</span> <span class='ocrx_word' id='word_1_63' title='bbox 1757 1378 1880 1455; x_wconf 85' lang='lat' dir='ltr'>cui</span> <span class='ocrx_word' id='word_1_64' title='bbox 1922 1380 2274 1480; x_wconf 88' lang='lat' dir='ltr'>opinioni</span> <span class='ocrx_word' id='word_1_65' title='bbox 2307 1408 2425 1458; x_wconf 90' lang='lat' dir='ltr'>re-</span> 
     </span>
     <span class='ocr_line' id='line_1_9' title="bbox 201 1480 2428 1591; baseline 0.004 -32"><span class='ocrx_word' id='word_1_66' title='bbox 201 1480 591 1585; x_wconf 79' lang='lat' dir='ltr'>spondimus.</span> <span class='ocrx_word' id='word_1_67' title='bbox 709 1483 909 1563; x_wconf 83' lang='lat' dir='ltr'>Mihi</span> <span class='ocrx_word' id='word_1_68' title='bbox 960 1506 1221 1564; x_wconf 84' lang='lat' dir='ltr'>autem</span> <span class='ocrx_word' id='word_1_69' title='bbox 1279 1484 1716 1591; x_wconf 86' lang='lat' dir='ltr'>propofitio</span> <span class='ocrx_word' id='word_1_70' title='bbox 1787 1484 2092 1568; x_wconf 86' lang='lat' dir='ltr'>videtur</span> <span class='ocrx_word' id='word_1_71' title='bbox 2170 1494 2428 1570; x_wconf 88' lang='lat' dir='ltr'>omnis</span> 
     </span>
     <span class='ocr_line' id='line_1_10' title="bbox 197 1592 2430 1704; baseline 0.005 -35"><span class='ocrx_word' id='word_1_72' title='bbox 197 1592 738 1674; x_wconf 79' lang='lat' dir='ltr'>confirmationis</span> <span class='ocrx_word' id='word_1_73' title='bbox 796 1597 1158 1675; x_wconf 81' lang='lat' dir='ltr'>initium:</span> <span class='ocrx_word' id='word_1_74' title='bbox 1253 1595 1470 1704; x_wconf 91' lang='lat' dir='ltr'>quod</span> <span class='ocrx_word' id='word_1_75' title='bbox 1522 1623 1687 1677; x_wconf 87' lang='lat' dir='ltr'>non</span> <span class='ocrx_word' id='word_1_76' title='bbox 1747 1596 1993 1676; x_wconf 89' lang='lat' dir='ltr'>modo</span> <span class='ocrx_word' id='word_1_77' title='bbox 2049 1602 2130 1677; x_wconf 92' lang='lat' dir='ltr'>in</span> <span class='ocrx_word' id='word_1_78' title='bbox 2179 1600 2430 1680; x_wconf 81' lang='lat' dir='ltr'>osten-</span> 
     </span>
     <span class='ocr_line' id='line_1_11' title="bbox 198 1699 2429 1814; baseline 0.005 -35"><span class='ocrx_word' id='word_1_79' title='bbox 198 1699 385 1783; x_wconf 85' lang='lat' dir='ltr'>denda</span> <span class='ocrx_word' id='word_1_80' title='bbox 412 1705 824 1813; x_wconf 77' lang='lat' dir='ltr'>quaestione</span> <span class='ocrx_word' id='word_1_81' title='bbox 860 1707 1325 1813; x_wconf 81' lang='lat' dir='ltr'>principali,</span> <span class='ocrx_word' id='word_1_82' title='bbox 1382 1706 1511 1787; x_wconf 92' lang='lat' dir='ltr'>sed</span> <span class='ocrx_word' id='word_1_83' title='bbox 1567 1736 2131 1814; x_wconf 73' lang='lat' dir='ltr'>nonnunquam</span> <span class='ocrx_word' id='word_1_84' title='bbox 2190 1713 2429 1814; x_wconf 82' lang='lat' dir='ltr'>etiam</span> 
     </span>
     <span class='ocr_line' id='line_1_12' title="bbox 194 1812 2423 1927; baseline 0.004 -36"><span class='ocrx_word' id='word_1_85' title='bbox 194 1816 260 1891; x_wconf 88' lang='lat' dir='ltr'>in</span> <span class='ocrx_word' id='word_1_86' title='bbox 288 1814 545 1922; x_wconf 79' lang='lat' dir='ltr'>singulis</span> <span class='ocrx_word' id='word_1_87' title='bbox 591 1812 1073 1925; x_wconf 85' lang='lat' dir='ltr'>argumentis</span> <span class='ocrx_word' id='word_1_88' title='bbox 1110 1822 1300 1926; x_wconf 86' lang='lat' dir='ltr'>poni</span> <span class='ocrx_word' id='word_1_89' title='bbox 1349 1817 1583 1910; x_wconf 84' lang='lat' dir='ltr'>solet,</span> <span class='ocrx_word' id='word_1_90' title='bbox 1653 1817 2151 1927; x_wconf 84' lang='lat' dir='ltr'>maximeque</span> <span class='ocrx_word' id='word_1_91' title='bbox 2200 1825 2281 1903; x_wconf 89' lang='lat' dir='ltr'>in</span> <span class='ocrx_word' id='word_1_92' title='bbox 2306 1824 2423 1902; x_wconf 86' lang='lat' dir='ltr'>his</span> 
     </span>
     <span class='ocr_line' id='line_1_13' title="bbox 187 1926 2423 2038; baseline 0.004 -33"><span class='ocrx_word' id='word_1_93' title='bbox 187 1950 320 2031; x_wconf 83' lang='lat' dir='ltr'>quae</span> <span class='ocrx_word' id='word_1_94' title='bbox 353 1926 821 2030; x_wconf 68' lang='grc' dir='ltr'>ἑπιχειρῆμᾰῖα</span> <span class='ocrx_word' id='word_1_95' title='bbox 872 1953 1270 2014; x_wconf 83' lang='lat' dir='ltr'>vocantur.</span> <span class='ocrx_word' id='word_1_96' title='bbox 1387 1928 1537 2012; x_wconf 86' lang='lat' dir='ltr'>Sed</span> <span class='ocrx_word' id='word_1_97' title='bbox 1576 1959 1783 2038; x_wconf 86' lang='lat' dir='ltr'>nunc</span> <span class='ocrx_word' id='word_1_98' title='bbox 1839 1927 1938 2024; x_wconf 85' lang='lat' dir='ltr'>de</span> <span class='ocrx_word' id='word_1_99' title='bbox 1989 1936 2288 2038; x_wconf 77' lang='lat' dir='ltr'>priore.</span> <span class='ocrx_word' id='word_1_100' title='bbox 2312 1933 2423 2013; x_wconf 92' lang='lat' dir='ltr'>lo-</span> 
     </span>
     <span class='ocr_line' id='line_1_14' title="bbox 187 2041 2422 2151; baseline 0.003 -32"><span class='ocrx_word' id='word_1_101' title='bbox 187 2042 448 2143; x_wconf 78' lang='lat' dir='ltr'>quimur.</span> <span class='ocrx_word' id='word_1_102' title='bbox 536 2047 649 2122; x_wconf 82' lang='lat' dir='ltr'>Ea</span> <span class='ocrx_word' id='word_1_103' title='bbox 691 2043 873 2122; x_wconf 85' lang='lat' dir='ltr'>non&#39;</span> <span class='ocrx_word' id='word_1_104' title='bbox 912 2041 1214 2149; x_wconf 86' lang='lat' dir='ltr'>semper</span> <span class='ocrx_word' id='word_1_105' title='bbox 1255 2044 1368 2123; x_wconf 89' lang='lat' dir='ltr'>uti</span> <span class='ocrx_word' id='word_1_106' title='bbox 1415 2041 1704 2122; x_wconf 82' lang='lat' dir='ltr'>necesse</span> <span class='ocrx_word' id='word_1_107' title='bbox 1751 2042 1880 2122; x_wconf 88' lang='lat' dir='ltr'>est.</span> <span class='ocrx_word' id='word_1_108' title='bbox 1972 2043 2422 2151; x_wconf 73' lang='lat' dir='ltr'>Aliquando</span> 
     </span>
     <span class='ocr_line' id='line_1_15' title="bbox 184 2151 2421 2262; baseline 0.002 -33"><span class='ocrx_word' id='word_1_109' title='bbox 184 2153 345 2229; x_wconf 75' lang='lat' dir='ltr'>enim</span> <span class='ocrx_word' id='word_1_110' title='bbox 395 2151 542 2233; x_wconf 87' lang='lat' dir='ltr'>fine</span> <span class='ocrx_word' id='word_1_111' title='bbox 604 2153 1140 2262; x_wconf 75' lang='lat' dir='ltr'>propositione</span> <span class='ocrx_word' id='word_1_112' title='bbox 1211 2180 1527 2262; x_wconf 88' lang='lat' dir='ltr'>quoque</span> <span class='ocrx_word' id='word_1_113' title='bbox 1578 2153 1828 2261; x_wconf 87' lang='lat' dir='ltr'>aliqua</span> <span class='ocrx_word' id='word_1_114' title='bbox 1887 2152 2057 2234; x_wconf 89' lang='lat' dir='ltr'>satis</span> <span class='ocrx_word' id='word_1_115' title='bbox 2101 2158 2421 2234; x_wconf 79' lang='lat' dir='ltr'>manife-</span> 
     </span>
     <span class='ocr_line' id='line_1_16' title="bbox 185 2257 2424 2375; baseline 0.004 -35"><span class='ocrx_word' id='word_1_116' title='bbox 185 2257 332 2340; x_wconf 85' lang='lat' dir='ltr'>stum</span> <span class='ocrx_word' id='word_1_117' title='bbox 364 2264 463 2344; x_wconf 85' lang='lat' dir='ltr'>est</span> <span class='ocrx_word' id='word_1_118' title='bbox 503 2264 700 2374; x_wconf 89' lang='lat' dir='ltr'>quid</span> <span class='ocrx_word' id='word_1_119' title='bbox 744 2270 827 2346; x_wconf 90' lang='lat' dir='ltr'>in</span> <span class='ocrx_word' id='word_1_120' title='bbox 876 2265 1293 2375; x_wconf 85' lang='lat' dir='ltr'>quaestione</span> <span class='ocrx_word' id='word_1_121' title='bbox 1350 2264 1696 2348; x_wconf 83' lang='lat' dir='ltr'>versetur</span> <span class='ocrx_word' id='word_1_122' title='bbox 1730 2297 1749 2344; x_wconf 75' lang='lat' dir='ltr'><strong><em>z</em></strong></span> <span class='ocrx_word' id='word_1_123' title='bbox 1831 2269 2109 2375; x_wconf 21' lang='lat' dir='ltr'>*utique</span> <span class='ocrx_word' id='word_1_124' title='bbox 2158 2264 2215 2373; x_wconf 80' lang='lat' dir='ltr'>si</span> <span class='ocrx_word' id='word_1_125' title='bbox 2257 2289 2424 2348; x_wconf 77' lang='lat' dir='ltr'>nar-</span> 
     </span>
     <span class='ocr_line' id='line_1_17' title="bbox 178 2374 2424 2485; baseline 0.004 -36"><span class='ocrx_word' id='word_1_126' title='bbox 178 2378 325 2452; x_wconf 80' lang='lat' dir='ltr'>mtio</span> <span class='ocrx_word' id='word_1_127' title='bbox 348 2377 441 2457; x_wconf 90' lang='lat' dir='ltr'>ibi</span> <span class='ocrx_word' id='word_1_128' title='bbox 484 2378 736 2458; x_wconf 85' lang='lat' dir='ltr'>finem</span> <span class='ocrx_word' id='word_1_129' title='bbox 766 2377 1038 2472; x_wconf 87' lang='lat' dir='ltr'>habet,</span> <span class='ocrx_word' id='word_1_130' title='bbox 1082 2379 1209 2458; x_wconf 92' lang='lat' dir='ltr'>ubi</span> <span class='ocrx_word' id='word_1_131' title='bbox 1267 2380 1581 2457; x_wconf 91' lang='lat' dir='ltr'>initium</span> <span class='ocrx_word' id='word_1_132' title='bbox 1627 2374 1948 2485; x_wconf 85' lang='lat' dir='ltr'>quaestio</span> <span class='ocrx_word' id='word_1_133' title='bbox 1990 2408 2013 2470; x_wconf 90' lang='lat'>;</span> <span class='ocrx_word' id='word_1_134' title='bbox 2088 2374 2284 2455; x_wconf 90' lang='lat' dir='ltr'>adeo</span> <span class='ocrx_word' id='word_1_135' title='bbox 2341 2402 2424 2458; x_wconf 89' lang='lat' dir='ltr'>ut</span> 
     </span>
     <span class='ocr_line' id='line_1_18' title="bbox 174 2477 2444 2598; baseline -0 -29"><span class='ocrx_word' id='word_1_136' title='bbox 174 2482 517 2593; x_wconf 72' lang='lat' dir='ltr'>aliquando</span> <span class='ocrx_word' id='word_1_137' title='bbox 559 2488 1060 2598; x_wconf 86' lang='lat' dir='ltr'>subjungatur</span> <span class='ocrx_word' id='word_1_138' title='bbox 1100 2488 1566 2598; x_wconf 78' lang='lat' dir='ltr'>expositioni</span> <span class='ocrx_word' id='word_1_139' title='bbox 1604 2542 1628 2579; x_wconf 88' lang='lat'>,</span> <span class='ocrx_word' id='word_1_140' title='bbox 1680 2514 1851 2597; x_wconf 84' lang='lat' dir='ltr'>quae</span> <span class='ocrx_word' id='word_1_141' title='bbox 1910 2477 2100 2567; x_wconf 88' lang='lat' dir='ltr'>solet</span> <span class='ocrx_word' id='word_1_142' title='bbox 2165 2493 2250 2567; x_wconf 88' lang='lat' dir='ltr'>in</span> <span class='ocrx_word' id='word_1_143' title='bbox 2305 2513 2444 2569; x_wconf 49' lang='lat' dir='ltr'>arm</span> 
     </span>
     <span class='ocr_line' id='line_1_19' title="bbox 176 2601 2416 2711; baseline 0 -32"><span class='ocrx_word' id='word_1_144' title='bbox 176 2607 490 2699; x_wconf 73' lang='lat' dir='ltr'>gzimentis</span> <span class='ocrx_word' id='word_1_145' title='bbox 532 2603 689 2684; x_wconf 80' lang='lat' dir='ltr'>effe</span> <span class='ocrx_word' id='word_1_146' title='bbox 728 2602 1029 2684; x_wconf 86' lang='lat' dir='ltr'>summa</span> <span class='ocrx_word' id='word_1_147' title='bbox 1080 2602 1462 2683; x_wconf 58' lang='lat' dir='ltr'>collectio</span> <span class='ocrx_word' id='word_1_148' title='bbox 1555 2606 1707 2682; x_wconf 73' lang='lat' dir='ltr'>Hac</span> <span class='ocrx_word' id='word_1_149' title='bbox 1729 2601 1915 2707; x_wconf 80' lang='lat' dir='ltr'>ficut</span> <span class='ocrx_word' id='word_1_150' title='bbox 1955 2601 2233 2711; x_wconf 73' lang='lat' dir='ltr'>expositi</span> <span class='ocrx_word' id='word_1_151' title='bbox 2250 2656 2272 2691; x_wconf 88' lang='lat'>,</span> <span class='ocrx_word' id='word_1_152' title='bbox 2301 2610 2416 2681; x_wconf 69' lang='lat' dir='ltr'>ita</span> 
     </span>
     <span class='ocr_line' id='line_1_20' title="bbox 164 2706 2423 2825; baseline -0.001 -31"><span class='ocrx_word' id='word_1_153' title='bbox 164 2712 465 2818; x_wconf 74' lang='lat' dir='ltr'>gestaſsmt</span> <span class='ocrx_word' id='word_1_154' title='bbox 490 2773 513 2800; x_wconf 87' lang='lat'>‚</span> <span class='ocrx_word' id='word_1_155' title='bbox 550 2717 850 2825; x_wconf 76' lang='lat' dir='ltr'>judices</span> <span class='ocrx_word' id='word_1_156' title='bbox 863 2751 885 2793; x_wconf 92' lang='lat'>.·</span> <span class='ocrx_word' id='word_1_157' title='bbox 952 2706 1700 2825; x_wconf 62' lang='lat' dir='ltr'>itfidiatorsscperatus</span> <span class='ocrx_word' id='word_1_158' title='bbox 1718 2771 1741 2798; x_wconf 86' lang='lat'>‚</span> <span class='ocrx_word' id='word_1_159' title='bbox 1784 2710 1870 2793; x_wconf 71' lang='lat' dir='ltr'>vi</span> <span class='ocrx_word' id='word_1_160' title='bbox 1911 2720 2109 2792; x_wconf 71' lang='grc' dir='ltr'>νίἐΐα</span> <span class='ocrx_word' id='word_1_161' title='bbox 2137 2720 2264 2795; x_wconf 72' lang='lat' dir='ltr'>vis,</span> <span class='ocrx_word' id='word_1_162' title='bbox 2289 2717 2423 2793; x_wconf 66' lang='lat' dir='ltr'>wel</span> 
     </span>
     <span class='ocr_line' id='line_1_21' title="bbox 158 2823 2414 2938; baseline -0.001 -31"><span class='ocrx_word' id='word_1_163' title='bbox 158 2829 343 2928; x_wconf 71' lang='lat' dir='ltr'>potius</span> <span class='ocrx_word' id='word_1_164' title='bbox 384 2827 683 2938; x_wconf 66' lang='lat' dir='ltr'>oppreffk</span> <span class='ocrx_word' id='word_1_165' title='bbox 739 2837 1012 2909; x_wconf 68' lang='lat' dir='ltr'>virtute</span> <span class='ocrx_word' id='word_1_166' title='bbox 1066 2828 1377 2908; x_wconf 76' lang='lat' dir='ltr'>audacia</span> <span class='ocrx_word' id='word_1_167' title='bbox 1434 2826 1536 2931; x_wconf 78' lang='lat' dir='ltr'>est.</span> <span class='ocrx_word' id='word_1_168' title='bbox 1636 2823 1784 2907; x_wconf 86' lang='lat' dir='ltr'>Sed</span> <span class='ocrx_word' id='word_1_169' title='bbox 1847 2850 2414 2931; x_wconf 88' lang='lat' dir='ltr'>nonnunquam</span> 
     </span>
     <span class='ocr_line' id='line_1_22' title="bbox 173 2923 2411 3047; baseline 0 -32"><span class='ocrx_word' id='word_1_170' title='bbox 173 2933 340 3015; x_wconf 67' lang='lat' dir='ltr'>vzlde</span> <span class='ocrx_word' id='word_1_171' title='bbox 362 2940 552 3020; x_wconf 87' lang='lat' dir='ltr'>utilis</span> <span class='ocrx_word' id='word_1_172' title='bbox 583 2940 706 3021; x_wconf 86' lang='lat' dir='ltr'>est</span> <span class='ocrx_word' id='word_1_173' title='bbox 716 2973 741 3036; x_wconf 86' lang='lat'>3</span> <span class='ocrx_word' id='word_1_174' title='bbox 807 2943 1189 3047; x_wconf 82' lang='lat' dir='ltr'>praecipue</span> <span class='ocrx_word' id='word_1_175' title='bbox 1228 2940 1356 3020; x_wconf 89' lang='lat' dir='ltr'>ubi</span> <span class='ocrx_word' id='word_1_176' title='bbox 1400 2966 1521 3017; x_wconf 83' lang='lat' dir='ltr'>res</span> <span class='ocrx_word' id='word_1_177' title='bbox 1554 2934 1868 3017; x_wconf 88' lang='lat' dir='ltr'>defendi</span> <span class='ocrx_word' id='word_1_178' title='bbox 1904 2963 2068 3016; x_wconf 87' lang='lat' dir='ltr'>non</span> <span class='ocrx_word' id='word_1_179' title='bbox 2125 2923 2411 3042; x_wconf 84' lang='lat' dir='ltr'>potest,</span> 
     </span>
     <span class='ocr_line' id='line_1_23' title="bbox 166 3039 2414 3160; baseline -0.001 -33"><span class='ocrx_word' id='word_1_180' title='bbox 166 3039 241 3121; x_wconf 79' lang='lat' dir='ltr'>de</span> <span class='ocrx_word' id='word_1_181' title='bbox 280 3044 412 3127; x_wconf 82' lang='lat' dir='ltr'>fine</span> <span class='ocrx_word' id='word_1_182' title='bbox 443 3056 861 3160; x_wconf 85' lang='lat' dir='ltr'>quaeritur:</span> <span class='ocrx_word' id='word_1_183' title='bbox 954 3073 1041 3132; x_wconf 88' lang='lat' dir='ltr'>ut</span> <span class='ocrx_word' id='word_1_184' title='bbox 1079 3079 1231 3159; x_wconf 91' lang='lat' dir='ltr'>pro</span> <span class='ocrx_word' id='word_1_185' title='bbox 1271 3079 1369 3130; x_wconf 90' lang='lat' dir='ltr'>eo</span> <span class='ocrx_word' id='word_1_186' title='bbox 1408 3052 1545 3158; x_wconf 87' lang='lat' dir='ltr'>qui</span> <span class='ocrx_word' id='word_1_187' title='bbox 1577 3051 1986 3156; x_wconf 85' lang='lat' dir='ltr'>pecuniam</span> <span class='ocrx_word' id='word_1_188' title='bbox 2027 3050 2414 3153; x_wconf 85' lang='lat' dir='ltr'>privatam</span> 
     </span>
     <span class='ocr_line' id='line_1_24' title="bbox 163 3151 2416 3273; baseline -0.001 -34"><span class='ocrx_word' id='word_1_189' title='bbox 163 3151 246 3230; x_wconf 78' lang='lat' dir='ltr'>de</span> <span class='ocrx_word' id='word_1_190' title='bbox 279 3163 530 3268; x_wconf 85' lang='lat' dir='ltr'>templo</span> <span class='ocrx_word' id='word_1_191' title='bbox 579 3163 935 3257; x_wconf 80' lang='lat' dir='ltr'>sustulit3</span> <span class='ocrx_word' id='word_1_192' title='bbox 983 3167 1355 3273; x_wconf 71' lang='lat' dir='ltr'>sacrilegii</span> <span class='ocrx_word' id='word_1_193' title='bbox 1400 3189 1450 3239; x_wconf 83' lang='lat' dir='ltr'>a</span> <span class='ocrx_word' id='word_1_194' title='bbox 1495 3165 1684 3243; x_wconf 83' lang='lat' dir='ltr'>itur,</span> <span class='ocrx_word' id='word_1_195' title='bbox 1744 3159 1834 3239; x_wconf 84' lang='lat' dir='ltr'>de</span> <span class='ocrx_word' id='word_1_196' title='bbox 1876 3160 2260 3268; x_wconf 75' lang='lat' dir='ltr'>ficrilegio</span> <span class='ocrx_word' id='word_1_197' title='bbox 2310 3181 2416 3238; x_wconf 80' lang='lat' dir='ltr'>co-</span> 
     </span>
     <span class='ocr_line' id='line_1_25' title="bbox 148 3192 2410 3380; baseline 0.001 -33"><span class='ocrx_word' id='word_1_198' title='bbox 148 3270 447 3375; x_wconf 64' lang='lat' dir='ltr'>gnostittir:</span> <span class='ocrx_word' id='word_1_199' title='bbox 529 3288 624 3358; x_wconf 87' lang='lat' dir='ltr'>ut</span> <span class='ocrx_word' id='word_1_200' title='bbox 666 3275 907 3380; x_wconf 81' lang='lat' dir='ltr'>judex</span> <span class='ocrx_word' id='word_1_201' title='bbox 954 3275 1335 3379; x_wconf 86' lang='lat' dir='ltr'>intelligat</span> <span class='ocrx_word' id='word_1_202' title='bbox 1383 3192 1494 3351; x_wconf 47' lang='lat' dir='ltr'>id?</span> <span class='ocrx_word' id='word_1_203' title='bbox 1508 3299 1754 3376; x_wconf 82' lang='lat' dir='ltr'>unum</span> <span class='ocrx_word' id='word_1_204' title='bbox 1796 3270 1940 3350; x_wconf 74' lang='lat' dir='ltr'>effe</span> <span class='ocrx_word' id='word_1_205' title='bbox 1979 3267 2240 3380; x_wconf 23' lang='lat' dir='ltr'>officii*</span> <span class='ocrx_word' id='word_1_206' title='bbox 2269 3269 2410 3362; x_wconf 90' lang='lat' dir='ltr'>sui,</span> 
     </span>
     <span class='ocr_line' id='line_1_26' title="bbox 161 3378 2465 3496; baseline 0 -33"><span class='ocrx_word' id='word_1_207' title='bbox 161 3404 434 3485; x_wconf 78' lang='lat' dir='ltr'>quaerere</span> <span class='ocrx_word' id='word_1_208' title='bbox 462 3416 559 3469; x_wconf 91' lang='lat' dir='ltr'>an</span> <span class='ocrx_word' id='word_1_209' title='bbox 600 3387 693 3469; x_wconf 87' lang='lat' dir='ltr'>id</span> <span class='ocrx_word' id='word_1_210' title='bbox 739 3385 956 3496; x_wconf 91' lang='lat' dir='ltr'>quod</span> <span class='ocrx_word' id='word_1_211' title='bbox 994 3388 1403 3489; x_wconf 87' lang='lat' dir='ltr'>objicitur,</span> <span class='ocrx_word' id='word_1_212' title='bbox 1457 3381 1940 3490; x_wconf 77' lang='lat' dir='ltr'>sacrilegium</span> <span class='ocrx_word' id='word_1_213' title='bbox 1981 3378 2122 3491; x_wconf 65' lang='lat' dir='ltr'>fit.⁸</span> <span class='ocrx_word' id='word_1_214' title='bbox 2209 3385 2407 3463; x_wconf 85' lang='lat' dir='ltr'>Item</span> <span class='ocrx_word' id='word_1_215' title='bbox 2457 3399 2465 3402; x_wconf 74' lang='grc'><strong><em>’</em></strong></span> 
     </span>
     <span class='ocr_line' id='line_1_27' title="bbox 159 3490 2406 3604; baseline -0 -28"><span class='ocrx_word' id='word_1_216' title='bbox 159 3490 229 3568; x_wconf 81' lang='lat' dir='ltr'>in</span> <span class='ocrx_word' id='word_1_217' title='bbox 257 3497 437 3580; x_wconf 80' lang='lat' dir='ltr'>caulis</span> <span class='ocrx_word' id='word_1_218' title='bbox 476 3500 834 3582; x_wconf 85' lang='lat' dir='ltr'>obscuris</span> <span class='ocrx_word' id='word_1_219' title='bbox 859 3554 884 3591; x_wconf 88' lang='lat'>‚</span> <span class='ocrx_word' id='word_1_220' title='bbox 936 3523 1065 3581; x_wconf 90' lang='lat' dir='ltr'>aut</span> <span class='ocrx_word' id='word_1_221' title='bbox 1118 3492 1699 3604; x_wconf 85' lang='lat' dir='ltr'>multiplicibus.</span> <span class='ocrx_word' id='word_1_222' title='bbox 1873 3500 2043 3574; x_wconf 89' lang='lat' dir='ltr'>Nec</span> <span class='ocrx_word' id='word_1_223' title='bbox 2089 3492 2406 3601; x_wconf 81' lang='lat' dir='ltr'>semper</span> 
     </span>
     <span class='ocr_line' id='line_1_28' title="bbox 163 3593 2406 3719; baseline -0.001 -29"><span class='ocrx_word' id='word_1_224' title='bbox 163 3626 412 3712; x_wconf 84' lang='lat' dir='ltr'>propter</span> <span class='ocrx_word' id='word_1_225' title='bbox 467 3614 632 3696; x_wconf 85' lang='lat' dir='ltr'>hoc</span> <span class='ocrx_word' id='word_1_226' title='bbox 729 3610 1022 3704; x_wconf 89' lang='lat' dir='ltr'>solum,</span> <span class='ocrx_word' id='word_1_227' title='bbox 1087 3634 1176 3693; x_wconf 90' lang='lat' dir='ltr'>ut</span> <span class='ocrx_word' id='word_1_228' title='bbox 1219 3608 1312 3701; x_wconf 83' lang='lat' dir='ltr'>fit</span> <span class='ocrx_word' id='word_1_229' title='bbox 1357 3607 1573 3690; x_wconf 88' lang='lat' dir='ltr'>causa</span> <span class='ocrx_word' id='word_1_230' title='bbox 1638 3593 1974 3719; x_wconf 80' lang='lat' dir='ltr'>lucidior</span> <span class='ocrx_word' id='word_1_231' title='bbox 2007 3661 2031 3698; x_wconf 90' lang='lat'>,</span> <span class='ocrx_word' id='word_1_232' title='bbox 2088 3605 2221 3687; x_wconf 90' lang='lat' dir='ltr'>sed</span> <span class='ocrx_word' id='word_1_233' title='bbox 2270 3609 2406 3689; x_wconf 88' lang='lat' dir='ltr'>ali-</span> 
     </span>
    </p>

    <p class='ocr_par' dir='ltr' id='par_1_5' title="bbox 138 3714 2404 3830">
     <span class='ocr_line' id='line_1_29' title="bbox 138 3714 2404 3830; baseline 0.001 -31"><span class='ocrx_word' id='word_1_234' title='bbox 138 3719 401 3818; x_wconf 78' lang='lat' dir='ltr'>’quando</span> <span class='ocrx_word' id='word_1_235' title='bbox 440 3731 695 3806; x_wconf 84' lang='lat' dir='ltr'>etiam</span> <span class='ocrx_word' id='word_1_236' title='bbox 752 3746 840 3804; x_wconf 88' lang='lat' dir='ltr'>ut</span> <span class='ocrx_word' id='word_1_237' title='bbox 889 3727 1135 3830; x_wconf 88' lang='lat' dir='ltr'>magis</span> <span class='ocrx_word' id='word_1_238' title='bbox 1194 3743 1531 3805; x_wconf 89' lang='lat' dir='ltr'>moveat.</span> <span class='ocrx_word' id='word_1_239' title='bbox 1652 3724 1927 3801; x_wconf 82' lang='lat' dir='ltr'>Movet</span> <span class='ocrx_word' id='word_1_240' title='bbox 1984 3742 2243 3799; x_wconf 90' lang='lat' dir='ltr'>autem</span> <span class='ocrx_word' id='word_1_241' title='bbox 2267 3774 2290 3811; x_wconf 90' lang='lat'>‚</span> <span class='ocrx_word' id='word_1_242' title='bbox 2343 3714 2404 3801; x_wconf 82' lang='lat' dir='ltr'>fi</span> 
     </span>
    </p>

    <p class='ocr_par' dir='ltr' id='par_1_6' title="bbox 150 3829 2404 3946">
     <span class='ocr_line' id='line_1_30' title="bbox 150 3829 2404 3946; baseline 0 -35"><span class='ocrx_word' id='word_1_243' title='bbox 150 3832 428 3928; x_wconf 82' lang='lat' dir='ltr'>protinus</span> <span class='ocrx_word' id='word_1_244' title='bbox 480 3838 1001 3921; x_wconf 82' lang='lat' dir='ltr'>subtexantur</span> <span class='ocrx_word' id='word_1_245' title='bbox 1048 3835 1301 3946; x_wconf 81' lang='lat' dir='ltr'>aliqua</span> <span class='ocrx_word' id='word_1_246' title='bbox 1348 3861 1519 3943; x_wconf 78' lang='lat' dir='ltr'>quae</span> <span class='ocrx_word' id='word_1_247' title='bbox 1567 3829 1881 3940; x_wconf 77' lang='lat' dir='ltr'>prosint.</span> <span class='ocrx_word' id='word_1_248' title='bbox 1975 3845 2127 3913; x_wconf 83' lang='lat' dir='ltr'>Lex</span> <span class='ocrx_word' id='word_1_249' title='bbox 2165 3856 2404 3944; x_wconf 80' lang='lat' dir='ltr'>aperte</span> 
     </span>
    </p>

    <p class='ocr_par' dir='ltr' id='par_1_7' title="bbox 94 3941 2404 4151">
     <span class='ocr_line' id='line_1_31' title="bbox 96 3941 2404 4151; baseline -0.008 -109.016"><span class='ocrx_word' id='word_1_250' title='bbox 96 3990 107 4151; x_wconf 27' lang='grc' dir='ltr'><strong>ι</strong></span> <span class='ocrx_word' id='word_1_251' title='bbox 128 3941 343 4054; x_wconf 57' lang='lat' dir='ltr'>firsptae</span> <span class='ocrx_word' id='word_1_252' title='bbox 370 3950 456 4059; x_wconf 77' lang='lat' dir='ltr'><em>ss</em></span> <span class='ocrx_word' id='word_1_253' title='bbox 469 4009 492 4039; x_wconf 67' lang='lat'><em>2</em></span> <span class='ocrx_word' id='word_1_254' title='bbox 550 3977 638 4037; x_wconf 79' lang='lat' dir='ltr'>ut</span> <span class='ocrx_word' id='word_1_255' title='bbox 673 3956 1110 4064; x_wconf 66' lang='lat' dir='ltr'>peregrinus</span> <span class='ocrx_word' id='word_1_256' title='bbox 1154 3957 1284 4072; x_wconf 84' lang='lat' dir='ltr'>qui</span> <span class='ocrx_word' id='word_1_257' title='bbox 1333 3975 1619 4053; x_wconf 60' lang='lat' dir='ltr'>murum</span> <span class='ocrx_word' id='word_1_258' title='bbox 1676 3944 2063 4056; x_wconf 60' lang='lat' dir='ltr'>fiendfrit</span> <span class='ocrx_word' id='word_1_259' title='bbox 2079 4000 2112 4041; x_wconf 80' lang='lat'>,</span> <span class='ocrx_word' id='word_1_260' title='bbox 2179 3968 2404 4134; x_wconf 50' lang='lat' dir='ltr'>morze</span> 
     </span>
     <span class='ocr_line' id='line_1_32' title="bbox 1286 4062 2331 4142; baseline -0.003 -3"><span class='ocrx_word' id='word_1_261' title='bbox 1286 4062 1369 4142; x_wconf 77' lang='lat' dir='ltr'>ri</span> <span class='ocrx_word' id='word_1_262' title='bbox 2089 4086 2098 4099; x_wconf 94' lang='lat'><strong>·</strong></span> <span class='ocrx_word' id='word_1_263' title='bbox 2207 4080 2331 4136; x_wconf 78' lang='lat' dir='ltr'>mu</span> 
     </span>
    </p>
   </div>
   <div class='ocr_carea' id='block_1_5' title="bbox 106 4362 119 4527">
    <p class='ocr_par' dir='ltr' id='par_1_8' title="bbox 106 4362 119 4557">
     <span class='ocr_line' id='line_1_33' title="bbox 106 4362 119 4527; baseline 0 15"><span class='ocrx_word' id='word_1_264' title='bbox 106 4362 119 4527; x_wconf 67' lang='lat' dir='ltr'>l</span> 
     </span>
    </p>
   </div>
  </div>
 </body>
</html>
