3557 5113
833 219 1038 339 530
1421 191 1579 296 M.
1687 191 2056 295 FAnrr
2171 191 3129 321 QurNcnmAm

736 529 911 606 (μθ,
941 527 1030 611 11,
1113 602 1116 607 μ
1153 496 1383 578 bente
1444 495 1696 575 feciss'e
1725 533 1761 574 ..·
1786 493 2223 579 absolutum
2276 493 2595 579 abdicat.
2685 499 2884 577 Nam
2920 519 3135 603 neque
3168 497 3327 579 into4

845 608 888 615 ”
1155 636 1326 692 tum
1388 607 1551 689 filio
1607 612 1850 715 parcit
1873 663 1897 700 ‚
1967 636 2115 689 nec
2172 610 2388 717 quod
2431 612 2696 717 priore
2750 607 3020 710 judicio
3078 608 3326 691 affirma-

1153 728 1268 807 vit
1308 778 1331 815 ‚
1407 745 1710 803 mutare
1803 720 2056 828 palam
2123 722 2380 829 potest
2431 777 2456 814 ,
2506 727 2587 804 &
2637 743 2725 801 ut
2780 750 2935 802 non
2976 718 3167 805 durat
3196 722 3327 803 ultra
3410 740 3411 821 ᾗ

1159 863 1476 945 poenam
1511 832 2014 915 abdicationis
2038 839 2163 915 ira
2219 892 2245 928 ‚
2320 835 2612 915 abdicat
2674 857 2926 917 tamen
2964 840 3083 915 εδ(
3123 836 3327 942 alioqui

1159 948 1412 1054 figura
1452 950 1537 1026 in
1579 968 1791 1052 patre
1827 947 1999 1052 plus
2036 948 2215 1027 facit
2250 974 2491 1056 quam
2529 946 2709 1026 licet
2744 1002 2769 1037 ‚
2852 950 2927 1025 in
2964 944 3112 1027 filio
3133 952 3326 1029 minus.

1159 1066 1265 1145 Ut
1304 1082 1572 1141 autem
1605 1086 1847 1139 nemo
1894 1081 2166 1141 contra
2208 1060 2292 1140 id
2308 1057 2545 1167 quod
2581 1060 2747 1141 vult
2789 1057 3007 1149 dicit,
3039 1063 3130 1138 ita
3158 1055 3328 1164 potest

1157 1169 1428 1260 melius
1465 1170 1758 1280 aliquid
1797 1170 1996 1252 velle
2041 1200 2281 1280 quam
2318 1173 2508 1253 dicit
2550 1201 2577 1250 2
2628 1168 3019 1279 quomodo
3059 1171 3161 1251 ille
3190 1168 3327 1249 abdi-

1157 1306 1369 1367 catus
1411 1340 1432 1368 ‚
1488 1288 1623 1392 qui
1667 1314 1710 1364 a
1744 1307 1962 1390 patre
1993 1308 2077 1365 ut
2112 1283 2369 1365 filium
2412 1283 2856 1390 expositum
2894 1284 3082 1365 &ab
3110 1310 3187 1363 eo
3207 1278 3326 1365 edu-

1162 1419 1423 1478 catum
1471 1396 1735 1477 solutis
1787 1397 2179 1478 alimentis
2217 1398 2538 1502 recipiat
2569 1450 2596 1486 ‚
2658 1395 2984 1503 postulat
3008 1451 3037 1487 ,
3084 1394 3325 1477 revocari

1163 1507 1470 1589 fortasse
1537 1507 1836 1589 mavult
1865 1565 1888 1594 ,
1938 1537 2104 1590 non
2142 1532 2407 1591 tamen
2448 1507 2665 1616 quod
2718 1516 2912 1615 petit
2941 1565 2962 1600 ‚
3053 1535 3180 1588 non
3206 1503 3324 1586 vult.

1167 1621 1290 1700 1²:st
1327 1619 1571 1701 latens
1627 1626 1706 1700 &
1755 1617 1885 1701 illa
1935 1619 2391 1726 significatio
2442 1650 2462 1699 t
2521 1647 2677 1729 qua
2723 1649 2905 1703 cum
2965 1624 3062 1722 jus
3101 1618 3325 1724 asperius

1168 1736 1459 1840 petitur
1498 1760 1541 1811 a
1574 1729 1828 1832 judice
1875 1789 1898 1824 ,
1952 1732 2045 1812 fit
2101 1736 2178 1813 ei
2247 1755 2514 1814 tamen
2589 1733 2764 1838 spes
2818 1735 3055 1841 aliqua
3098 1732 3324 1810 clemen-

1172 1848 1296 1924 tiae
1340 1880 1363 1921 .·
1409 1871 1577 1944 ‚non
1615 1844 1873 1951 palam
1896 1902 1921 1929 ,
1984 1873 2085 1926 ne
2127 1845 2665 1952 paciscamur,
2728 1839 2863 1925 sed
2895 1873 3027 1951 per
3055 1836 3323 1951 quandam

1172 1954 1627 2036 credibilem
1673 1954 2183 2063 suspicionem
2222 1989 2240 2036 ε
2293 1980 2381 2039 ut
2420 1960 2505 2036 in
2553 1956 2833 2045 multis
2872 1947 3322 2039 controversiis»

1171 2066 1305 2148 sed
1347 2070 1430 2147 in
1464 2069 1608 2148 hac
1645 2097 1955 2178 quoque
1991 2103 2016 2167 3
2078 2087 2338 2181 Raptor
2384 2071 2521 2177 nist
2562 2078 2769 2153 intra
2810 2071 3174 2181 trtjggsmm
3182 2063 3330 2143 dien,

1170 2176 1262 2273 ἀ
1301 2204 1510 2292 rapta
1538 2208 1831 2292 patrem
1870 2238 1892 2266 ,
1959 2181 2051 2275 ὠ
2078 2185 2305 2290 situm
2350 2191 2763 2264 exoraverit
2832 2238 2855 2267 ‚
2908 2203 3135 2293 pereat.
3162 2260 3179 2281 ‚
3228 2170 3333 2271 (Μ

1171 2315 1498 2374 exorato
1557 2317 1794 2401 raptae
1839 2317 2057 2400 patre
2117 2295 2349 2379 suum.
2380 2321 2543 2374 non
2602 2316 2917 2384 exorat,
2943 2295 3076 2399 agit
3114 2307 3335 2370 cumeo

1170 2401 1602 2486 dementiae.
1679 2470 1680 2473 a
1726 2412 1938 2486 Nam
1979 2406 2043 2490 fi
2078 2410 2477 2514 permittat
2521 2406 2650 2485 hic
2680 2430 2943 2513 pater,
2990 2406 3073 2486 lis
3111 2399 3335 2482 tomum

1172 2513 1232 2595 fi
1271 2516 1573 2597 nullam
1611 2515 1827 2625 spem
1863 2518 2126 2611 faeiat,
2188 2541 2270 2601 ut
2308 2546 2474 2602 non
2513 2515 2864 2605 demens,
2899 2514 3176 2600 crudelis
3199 2528 3335 2592 certe

1176 2625 1577 2726 videatur,
1619 2637 1696 2711 ὅ(
1733 2658 1777 2709 a
1825 2630 1898 2709 se
1940 2631 2275 2732 judicem
2307 2653 2627 2714 avertat.
2709 2636 2950 2714 Latro
2989 2634 3181 2738 igitur
3206 2621 3338 2727 opti-

1176 2766 1310 2819 me
1365 2775 1392 2832 ,-
1480 2743 1762 2822 occides
1819 2773 1979 2852 ergo
2018 2752 2057 2823 ἓ
2089 2746 2171 2852 st
2203 2769 2466 2855 potero.
2540 2744 2992 2835 Remiffius,
3025 2749 3091 2825 ὃ(
3125 2764 3232 2848 pto
3256 2730 3338 2811 s⁰⁰

1178 2853 1497 2958 ingenio
1542 2909 1567 2946 ,
1631 2875 1856 2961 pater
1896 2855 2180 2951 Gallim
2235 2874 2447 2939 Dura
2476 2863 2719 2938 anime
2771 2857 2973 2938 hodie
3006 2912 3027 2940 ‚
3060 2856 3206 2936 dura
3228 2886 3243 2923 .-
3264 2841 3338 2922 be·

1183 2971 1257 3044 ri
1323 2967 1599 3073 firtior
1662 2968 1888 3072 fusti.
2017 2968 2375 3050 Confinia
2445 2969 2620 3049 sunt
2679 2970 2804 3051 his
2848 2970 3180 3051 celebrata
3212 2946 3340 3063 apud

1187 3081 1503 3158 Graecos
1558 3079 1948 3160 schemata
2008 3135 2035 3172 ,
2134 3109 2276 3186 per
2321 3108 2495 3189 quae
2533 3109 2659 3164 res
2707 3084 2993 3189 asperas
3025 3061 3335 3160 mollimss

1186 3187 1580 3296 gnificant.
1746 3196 1956 3271 Nam
2017 3192 2578 3275 Themistocles
2649 3192 2936 3277 suasxffe
2994 3190 3339 3274 existimatu!

1191 3300 1785 3382 Atheniensibus
1809 3358 1833 3393 ,
1856 3325 1938 3383 ut
1973 3307 2248 3388 urbem
2287 3304 2494 3412 apud
2534 3304 2727 3390 deos
2767 3289 3340 3414 deponerentzqffl
3410 3355 3411 3358 Ν

1193 3408 1480 3492 durum
1533 3437 1699 3493 erat
1733 3413 1992 3500 dicere
2022 3473 2044 3509 ‚
2081 3440 2169 3502 ut
2210 3418 2751 3526 relinquerent.
2837 3426 2914 3502 ὃ(
2957 3420 3073 3527 qui
3102 3413 3343 3525 viliori&
3410 3411 3411 3494 Ε

1194 3550 1456 3605 aureas
1486 3527 1569 3605 in
1610 3526 1830 3606 usum
1877 3528 2061 3608 belli
2110 3530 2435 3619 conflari
2475 3531 2788 3615 volebat
2813 3590 2838 3618 ‚
2897 3539 2994 3613 ita
3024 3525 3344 3636 declinavtfi
3410 3517 3411 3608 Ῠ

1189 3642 1525 3717 villariis
1572 3639 1919 3723 utendum,
1972 3641 2106 3748 effi.
2211 3646 2506 3728 Totum
2547 3667 2815 3725 autem
2847 3645 3188 3751 allegoria
3219 3629 3347 3711 firm·
3410 3643 3411 3680 ³

1189 3745 1266 3828 le
1303 3748 1414 3828 est
1438 3805 1463 3839 ‚
1504 3748 1721 3831 aliud.
1754 3749 2013 3833 dicere
2044 3809 2068 3847 ,
2111 3753 2318 3840 aliud
2345 3755 2667 3864 intelligi
2720 3757 2937 3838 velle.
3044 3742 3351 3850 Qaefifflffl

1187 3864 1434 3942 ctiam
1477 3861 1588 3948 est
1625 3865 2042 3969 quomodo
2082 3866 2525 3975 responderi
2558 3893 2832 3976 contra
2881 3870 3136 3979 figuras
3194 3871 3352 3961 09⁰⁶·
3409 3917 3411 3956 ἢ

1189 3991 1407 4056 teret.
1515 3978 1612 4055 Et
1690 3973 2014 4085 quidam
2088 3980 2396 4091 semper
2477 4010 2576 4064 ex
2640 3983 2949 4076 diverso
3020 3961 3348 4089 apedfflffl
3410 3973 3411 4064 ἰ
