3557 5113
791 316 1009 459 322
1235 438 1242 445 ‚
1426 309 1568 415 M.
1667 310 2045 412 FAnn
2154 307 3141 455 chrimam

699 600 1092 688 CquIl.
1118 593 1440 682 anobis
1493 596 1947 701 excogitata:
1996 620 2018 671 ε
2072 612 2206 672 aut
2241 585 2300 672 fi
2350 584 2435 670 id-
2486 614 2725 696 genus
2774 592 2923 671 erit
2982 585 3214 703 causae
3248 644 3275 684 ‚
3311 614 3379 675 ut

905 742 910 749 ·
1115 733 1562 815 proponere
1614 704 1987 815 poffimus
2031 725 2239 784 certa
2275 757 2299 795 ,
2363 722 2579 783 extra
2615 730 2799 812 quae-
2824 700 2982 783 dici
3016 702 3214 784 nihil
3244 701 3378 810 pos-

1119 818 1270 900 fit:
1350 842 1435 898 ut
1492 834 1672 899 cum
1717 846 1836 898 res
1888 817 2176 900 furtiva
2230 816 2313 896 in
2354 813 2601 894 domo
2650 814 3123 923 deprehensa
3152 814 3258 907 fit,
3292 814 3377 895 di·

1126 953 1246 1012 cat
1299 928 1589 1009 necesse
1641 930 1752 1009 est
1805 958 1978 1010 reus
2012 985 2039 1019 ,
2102 951 2228 1007 aut
2271 927 2343 1007 se
2401 932 2804 1033 ignorante
2865 927 3164 1007 illatam
3201 982 3225 1019 ,
3276 949 3374 1009 aut

1085 1040 1553 1149 >depositam
1597 1039 1802 1149 apud
1856 1039 1973 1131 se,
2031 1063 2165 1120 aut
2216 1038 2583 1120 donatam
2627 1038 2806 1119 sibi:
2851 1042 3129 1146 quibus
3162 1042 3372 1121 omni.

1123 1156 1262 1233 bus
1320 1151 1616 1233 etiamsi
1679 1150 2069 1260 proposita
2125 1179 2287 1231 uon
2332 1150 2476 1231 fint
2532 1207 2559 1243 ,
2622 1150 3087 1258 'responderi
3147 1151 3375 1258 potest.

1122 1269 1233 1345 At
1299 1268 1381 1344 in
1436 1264 1658 1344 scolis
1712 1266 1918 1345 recte
1967 1270 2045 1344 δι
2101 1262 2831 1344 contradictionibus
2900 1289 3376 1349 occurremus,

1120 1398 1209 1457 ut
1263 1380 1345 1456 in
1404 1398 1824 1485 utrumque
1876 1377 2142 1457 Iocum
2178 1432 2200 1466 ‚
2256 1374 2339 1455 id
2384 1374 2494 1456 est
2538 1432 2561 1468 ‚
2620 1380 2968 1481 primurn
3027 1380 3109 1457 ὅ(
3160 1375 3373 1457 secun·

1121 1487 1316 1567 dum
1349 1543 1374 1579 ,
1448 1487 1676 1569 simul
1710 1515 2228 1571 exerceamur.
2318 1486 2534 1595 quod
2567 1486 2707 1567 nisi
2749 1487 3197 1579 fecerimus,
3216 1516 3372 1568 nun·

1177 1628 1359 1681 uam
1408 1612 1716 1680 utemur
1771 1598 2422 1679 contradictione:
2501 1628 2662 1678 non
2698 1603 2910 1679 enim
2949 1604 3094 1679 erit
3143 1604 3259 1683 cui
3287 1627 3378 1678 re·

1118 1628 1653 1818 sspondeamus.
1767 1709 1894 1790 Est
1948 1714 2030 1790 &
2080 1709 2277 1791 illud
2324 1717 2603 1790 vitium
2639 1767 2663 1803 ,
2726 1715 3056 1791 nimium
3115 1711 3384 1799 soliciti,

1114 1827 1200 1906 ὅ(
1240 1827 1439 1902 circa
1483 1824 1751 1903 omnia
1796 1847 2199 1903 momenta
2251 1822 2628 1905 luctantis,
2734 1823 3175 1928 Suspeciam
3204 1828 3383 1903 enim

1118 1936 1303 2037 facit
1355 1932 1594 2036 judici
1649 1932 2025 2025 musam.
2050 1938 2131 2017 ὅ(
2156 1931 2631 2042 frequenter
2743 1963 2854 2015 uae
2898 1936 3164 2015 statim
3217 1934 3383 2017 dieta

1121 2072 1451 2151 omnem
1499 2044 2070 2128 dubitationem
2107 2045 2616 2138 sustuliffent',
2684 1961 2966 2132 dilata,
3006 2046 3187 2153 ipfis
3227 2058 3385 2154 prze-

1123 2157 1643 2264 parationibus
1691 2156 1936 2239 fidem
1986 2156 2319 2265 perdunt
2362 2194 2391 2250 ,-
2430 2204 2431 2209 ¹
2473 2162 2657 2268 quia
2697 2182 3067 2265 patronus
3125 2164 3206 2243 δε
3250 2159 3385 2239 aliis

1125 2268 1540 2350 crediderit
1581 2298 1775 2378 opus
1825 2270 2060 2351 fiaiffe.
2150 2268 2539 2353 Fiduciam
2584 2275 2824 2377 igitur
2851 2293 3124 2352 orator
3168 2267 3388 2381 praese

1120 2382 1313 2488 ferat
1349 2438 1371 2466 ‚
1423 2381 2028 2491 semperqueita
2070 2378 2274 2464 dicat
2311 2439 2337 2475 ,
2404 2408 2771 2493 tanquam
2811 2383 2909 2464 de
2953 2385 3175 2467 causa
3214 2384 3393 2490 opti-

1118 2519 1251 2575 me
1297 2494 1588 2574 sentiat.
1687 2493 1926 2598 Qod
1958 2504 1998 2599 (
2017 2482 2205 2577 sicut
2239 2498 2564 2597 omnia)
2610 2501 2691 2577 in
2744 2496 3135 2588 Cicerone
3166 2496 3396 2606 praeci-

1116 2633 1364 2713 puum
1401 2604 1530 2686 est.
1547 2683 1586 2728 ⁴
1626 2612 1839 2687 Nam
1885 2608 2014 2687 illa
2069 2607 2370 2692 summa
2404 2636 2584 2715 cura
2626 2608 3006 2692 securitati
3059 2610 3179 2691 est
3207 2608 3389 2689 fiini-

1117 2716 1209 2796 lis
1231 2774 1253 2803 ‚
1306 2739 1670 2827 tantaque
1725 2723 1808 2800 in
1863 2723 2215 2801 oratione
2271 2721 2677 2803 auctoritas
2711 2776 2736 2812 ‚
2799 2745 2887 2804 ut
2925 2722 3399 2834 probationis

1117 2829 1385 2910 Iocum
1452 2829 1800 2911 obtineat
1850 2886 1874 2921 ,
1994 2830 2343 2913 dubitare
2422 2833 2647 2915 nobis
2706 2862 2869 2914 non
2939 2834 3397 2917 audentibus.

1115 2944 1355 3021 Porro
1393 2943 1545 3051 ‘qui
1599 2941 1854 3022 scierit
1910 2943 2101 3051 quid
2158 2947 2349 3049 para
2393 2944 2703 3030 adversa
2755 3002 2783 3036 ,
2884 2946 3081 3053 quid
3165 2945 3398 3030 nostra

1110 3052 1390 3158 habeat
1433 3052 2037 3136 valentiffimum
2069 3108 2093 3147 ‚
2157 3055 2379 3137 facile
2426 3057 2793 3157 judicabit
2845 3059 3134 3166 quibus
3175 3057 3393 3139 maxi-

1108 3194 1242 3245 me
1293 3165 1516 3260 re'bus
1560 3165 1687 3248 vel
1736 3164 2307 3248 occurrendum
2353 3167 2445 3248 sit
2477 3225 2502 3262 ‚
2565 3169 2692 3250 vel
2733 3169 3207 3254 instandum.
3265 3174 3401 3250 Or-

1111 3269 1220 3384 do
1272 3278 1595 3392 quidem
1632 3269 1715 3358 iri
1759 3303 1973 3385 parte
2006 3280 2215 3359 nulla
2266 3281 2525 3368 minus
2568 3278 2790 3363 affert
2827 3281 3136 3365 laboris.
3208 3289 3409 3366 Nam

1111 3387 1171 3468 fi
1211 3393 1550 3494 agimus,
1607 3392 1864 3504 nossra
1926 3391 2460 3488 ‘confirmanda
2510 3391 2684 3491 (unt
2735 3397 3086 3501 primum
3137 3434 3167 3488 5
3253 3418 3407 3476 tum

1111 3503 1281 3609 quae
1325 3500 1605 3580 nostris
1641 3527 2161 3608 opponuntur
2200 3560 2223 3594 ‚
2309 3505 2721 3594 refutanda.
2850 3508 2925 3585 Si
2991 3507 3413 3618 responde-

1111 3639 1292 3691 mus
1326 3667 1352 3703 ,
1401 3617 1412 3678 ἶ
1428 3616 1638 3720 prius
1678 3614 2208 3720 incipiendum
2255 3616 2366 3696 est
2421 3648 2464 3700 a
2510 3618 2994 3698 refutatione.
3060 3619 3415 3702 Nascun-

1107 3729 1570 3832 tur-“autem
1622 3752 1723 3814 ex
1769 3728 1904 3826 ,his
1963 3735 2135 3838 quae
2184 3723 2788 3830 ,contradictioni
2852 3731 3415 3838 opposuimus,

1100 3833 1264 3951 aliae
1314 3836 2023 3952 [contradifflones'3
2084 3845 2787 3949 euntquejnterim
2836 3840 3167 3951 longius
3234 3878 3256 3942 ς
3339 3870 3419 3926 ut

1096 3946 1616 4062 gladiatorum
1673 3949 1955 4046 manus'
2005 3943 2181 4058 q'uae'
2222 3952 2566 4038 secundae
2617 3977 3024 4047 vocantur,
3071 3956 3289 4040 fiunt
3340 3963 3425 4042 ὅ(

1098 4063 1342 4144 tertiae
1361 4119 1384 4156 ,
1435 4059 1493 4143 s1
1525 4068 1780 4171 prima
1829 4062 1931 4147 ad
1962 4064 2448 4154 evocandum
2480 4065 2885 4155 adversarii
2939 4071 3199 4154 istum
3230 4061 3413 4175 pro-

3259 4180 3421 4266 lata
