3557 5113
755 292 900 409 32
1142 272 1215 361 ,Ἴ
1308 251 1471 369 M.
1577 254 1947 363 Fami
2019 227 3150 411 'QINCT'lLQN'lf'

624 558 840 651 ζμ»,
913 558 1012 649 V,
1042 558 1163 631 tus
1211 541 1422 644 sum,
1474 570 1572 643 ne
1620 543 1765 635 arti
1801 538 2026 645 culpa
2074 537 2568 648 quorundam
2605 538 3131 645 pervicacium
3171 560 3351 642 ‚perf

604 656 663 709 ²⁸·
1038 657 1326 768 plexae,
1390 653 1770 743 videar&
1801 650 1957 765 ipse
1993 652 2500 764 quaestionem
2540 648 2921 739 addidiffe.
2949 740 2957 751 ,
2989 651 3161 728 Plus
3195 651 3354 726 exi‘-

1038 791 1235 880 gunt
1280 766 1710 852 subtilitatis
1766 791 1938 873 quae
1983 762 2339 846 accidunt
2381 767 2463 841 in
2504 760 2838 843 dicendo
2894 765 3128 851 vitia,
3167 764 3355 868 quia

1040 880 1402 990 exempla
1443 907 1718 964 eorum
1785 874 1985 956 tradi
2045 875 2330 984 scripto
2372 903 2535 955 non
2575 875 2881 981 possunt
2912 930 2936 966 ,
3002 872 3139 952 nisi
3166 884 3357 952 cum'

1043 995 1126 1077 in
1176 991 1430 1078 Versus
1473 988 1907 1071 inciderunt
1930 1043 1954 1079 ‚
2013 1012 2100 1070 ut
2145 980 2446 1084 ὃροάρεσ-ις
2493 995 2816 1099 Europai'
2850 1017 2867 1065 ε
2934 991 3028 1067 ὃς
3051 980 3126 1064 ei
3165 988 3356 1064 con..

1043 1098 1371 1189 trarium
1422 1107 1703 1187 Vitium
1737 1157 1759 1194 ,
1883 1096 2043 1183 uod
2103 1098 2452 1213 συναίρειν-ιν
2498 1104 2578 1180 &
2636 1096 3048 1195 συναλοιφῆν
3100 1098 3357 1179 Gtaeci

1037 1239 1325 1301 vocant
1348 1271 1371 1310 ,
1431 1243 1573 1298 nos
1615 1128 2255 1321 complexionem
2292 1212 2660 1294 dicimus:
2713 1209 2960 1320 qualis
2999 1208 3108 1290 est
3146 1205 3358 1318 apud

1039 1330 1117 1412 P.
1183 1328 1625 1410 Varronem
1652 1382 1674 1416 ,

1281 1448 1456 1523 Cum
1517 1465 1587 1518 te
1594 1439 1964 1548 flagranti
2000 1438 2339 1547 dejecfzum
2368 1436 2696 1542 fhlmine
2735 1434 3033 1541 Phaepon.

1040 1554 1254 1634 Nam
1292 1551 1350 1635 si
1404 1550 1583 1634 effer
1621 1547 1848 1657 prosa
1902 1553 2156 1641 oratio
2189 1602 2211 1637 ‚
2259 1541 2566 1627 easdem
2623 1547 2880 1628 literas
2943 1548 3365 1627 enunciare

1042 1666 1245 1748 veris
1294 1662 1593 1773 syllabis
1641 1661 1939 1743 licebat.
2035 1664 2404 1742 Praeterea
2456 1685 2628 1767 quae
2680 1658 2882 1741 fiunt
2926 1658 3168 1767 spatio
3181 1700 3204 1748 5
3262 1657 3370 1738 si·

1041 1800 1147 1866 ver
1197 1798 1379 1855 cum
1450 1770 1731 1881 syllaba
1800 1794 2157 1880 correpta
2231 1769 2745 1880 producitur:
2844 1793 2932 1852 ut
2969 1826 2995 1865 ‚
3059 1773 3372 1861 Italiaeyn

1021 1886 1192 1996 fito
1222 1886 1643 1997 proflaegus—
1721 1883 1846 1965 seu
1925 1881 2163 1991 longa
2214 1885 2674 2008 corripitur:
2773 1905 2863 1965 ut
2906 1941 2928 1975 ,
2997 1892 3227 1987 Unius
3274 1882 3370 1964 ob

1043 2025 1308 2079 noxam
1380 1995 1470 2091 ῤ’
1493 2000 1749 2110 fitrias
1767 2047 1848 2062 --
1897 2018 2115 2089 extra
2175 1996 2494 2089 carmen
2557 2008 2719 2087 non
2800 1994 3372 2102 deprehendas.

1046 2105 1181 2192 sed
1245 2106 1388 2191 nec
1438 2112 1521 2191 in
1583 2111 1926 2192 carmine
1985 2110 2174 2190 vitia
2234 2105 2582 2201 ducenda
2640 2106 2832 2189 sunt.
2966 2106 3102 2186 Illa
3164 2135 3376 2189 vero

1048 2247 1216 2301 non
1255 2219 1394 2304 nisl
1435 2247 1616 2303 aure
1652 2225 2115 2328 exiguntur,
2179 2245 2352 2326 quae
2391 2218 2591 2301 fiunt
2627 2248 2770 2325 per
2809 2217 3074 2298 sonos:
3116 2247 3383 2327 quan-

1051 2357 1294 2440 quam
1334 2360 1476 2439 per
1524 2331 2066 2444 aspirationem
2104 2386 2127 2425 ,
2190 2328 2346 2414 five
2398 2328 2751 2435 adjicitur
2809 2328 3079 2413 vitiose
3113 2388 3140 2417 ‚
3201 2329 3380 2412 five

1051 2441 1527 2538 detrahitur,
1594 2441 1800 2552 apud
1829 2471 1982 2525 nos
2031 2442 2289 2551 potest
2346 2446 2604 2550 quaeri-
2637 2471 2736 2523 an
2797 2447 2879 2521 in
2928 2441 3213 2550 scripto
3271 2441 3384 2526 fit

1052 2559 1391 2647 vitium,
1455 2554 1512 2639 fi
1582 2562 1663 2638 H
1723 2555 1953 2638 litera'
2001 2553 2114 2635 est
2145 2611 2169 2648 ,
2244 2582 2411 2635 non
2465 2573 2671 2637 nota.
2768 2554 2981 2660 cujus
3037 2552 3389 2664 quidem

1053 2671 1257 2750 ratio
1291 2689 1587 2751 mutata
1625 2696 1811 2752 cum
1869 2668 2354 2777 temporibus
2392 2667 2503 2749 est
2545 2667 2830 2777 saepius.
2925 2666 3392 2768 Parcisfime

1053 2807 1146 2863 ea
1184 2803 1481 2882 veteres
1539 2777 1651 2864 usi
1701 2783 1941 2861 etiam
1977 2782 2076 2876 in
2122 2780 2513 2876 vocalibus
2536 2837 2578 2871 ,.
2626 2810 2811 2861 cum
2866 2779 3047 2860 oedos
3073 2838 3096 2865 ‚
3150 2789 3394 2861 ircos-

1050 2920 1186 3004 que
1218 2890 1591 2974 dicebant.
1685 2889 2157 2977 Diu'deinde
2185 2891 2586 2988 ‘servatum
2623 2919 2724 2972 ne
2764 2892 3392 2977 consonantibus

1051 3003 1560 3114 adspirarent,
1625 3027 1712 3084 ut
1757 3009 1839 3084 in
1895 3010 2196 3089 Graeca,
2243 3006 2324 3085 Bt
2371 3009 2719 3116 triumph.
2807 3007 2810 3012 ’
2853 3007 3130 3113 Erupit
3190 3005 3403 3087 bre-

1050 3119 1134 3199 vi
1198 3140 1556 3223 tempore
1620 3120 1907 3198 nimius
1967 3116 2137 3199 usus
2173 3172 2198 3207 2
2280 3139 2370 3199 ut
2426 3114 2767 3202 choram,
2821 3116 3335 3199 chenturiones·
3367 3180 3401 3208 ,

1040 3226 1432 3343 praechones
1482 3227 1732 3338 adhuc
1791 3225 2248 3339 quibusdam
2309 3228 2925 3338 inscriptionibus
2975 3256 3410 3338 maneant-
3527 3257 3529 3262 ·

1053 3366 1208 3448 qua
1250 3338 1347 3420 de
1388 3369 1472 3419 re
1537 3339 1825 3424 Catulli
1892 3342 2155 3423 nobile
2225 3346 2709 3452 epigramma
2751 3340 2891 3446 est.
2965 3339 3170 3446 'Injde
3224 3335 3424 3428 'du-

1052 3472 1175 3532 rat
1229 3450 1327 3532 ad
1395 3478 1539 3534 nos
1588 3450 1827 3559 usque
1881 3447 2330 3535 vehementer
2357 3511 2382 3542 ,
2447 3449 2552 3539 &⁴
2589 3485 2737 3537 com
2779 3449 3158 3537 i-ebe'nde're
3193 3512 3221 3546 ‚
3295 3465 3430 3544 δε

1054 3561 1284 3648 mihi:
1352 3587 1538 3644 nam
1592 3560 1793 3662 mehe
1837 3591 2153 3675 quoque
2189 3593 2340 3674 pro
2386 3598 2499 3649 me
2551 3481 2777 3678 apud
2799 3571 3162 3677 antiquos
3213 3569 3431 3654 t'ra..

1046 3675 1491 3784 goediarum
1537 3679 1921 3784 praecipue
1967 3677 2373 3784 scriptores
2435 3683 2518 3761 in
2571 3681 2959 3764 veteribus
2998 3681 3220 3760 libris
3259 3684 3446 3768 in-

1049 3790 1426 3898 venimus
1519 3786 1805 3896 Adhuc
1857 3788 2256 3872 difficilior
2300 3791 2735 3896 observatio
2767 3793 2881 3890 est
2915 3821 3060 3902 per
3088 3819 3446 3881 tenores

1059 3895 1290 4007 (quos'
1312 3898 1669 4010 ‘quidem
1700 3899 1797 3982 ab
1832 3903 2164 4011 antiquis
2217 3901 2460 4006 distos
2502 3898 2781 3988 tonores
2814 3909 3220 4016 comperi,
3307 3941 3454 3998 ut:

1050 4010 1423 4126 ‚videlicet
1465 4010 1854 4125 dQCQEO
1876 4075 1887 4087 ·
1909 4042 1956 4124 a
2015 4018 2305 4134 Graecis
2343 4013 2590 4140 ¹‚verbo
2601 4074 2630 4114 ,
2665 4021 2805 4130 qui
2835 4021 3023 4110 τὸνες
3056 4019 3454 4129 dicunt)

1412 4163 1427 4174 ⁴
3241 4143 3478 4231 Vel
3527 4185 3529 4196 ·
