3557 5113
344 172 591 340 De
601 162 1049 374 bgstit.
1083 166 1816 347 Oratoria,
1849 152 2405 322 Lile.
2596 164 2829 376 693
2872 369 2875 372 Ἴ

233 482 534 568 versum
569 483 762 563 latus
802 479 1163 572 ventilet,
1242 478 1433 585 saepe
1476 477 1631 557 scio
1679 481 2012 561 evenire.
2105 480 2318 564 Solet
2358 479 2503 564 esse
2538 515 2727 593 Cn.
2758 509 2913 593 [ης

236 604 315 680 ὃς
383 599 599 704 pigra
634 623 664 687 ,‘
742 600 821 676 δε
859 592 1211 699 trepida,
1270 600 1350 673 &
1415 591 1695 672 secanti
1760 591 2090 672 fimilis:
2192 598 2509 678 interim
2704 572 2725 614 ⁹
2905 599 2912 607 '

235 711 467 789 etiarn
515 708 729 788 uncis
769 695 1101 813 digitis,‘
1133 725 1263 784 aut
1309 732 1355 784 a
1407 706 1657 810 capite
1696 700 2094 806 dejiciatur
2125 758 2153 798 ,
2213 707 2344 808 ant
2385 737 2505 788 ea-

235 821 416 902 dem
458 846 729 899 manus
770 817 1111 923 supinata
1153 820 1234 895 in
1278 813 1659 921 superiora
1692 816 2035 913 jacietur.
2080 908 2083 910 g
2117 818 2231 898 Fit
2255 823 2333 900 δε
2379 819 2512 901 ille

233 934 577 1024 habitus»,
640 933 774 1039 qui
811 929 957 1012 ess'e
994 932 1079 1008 in
1131 927 1386 1006 statuis
1439 923 1885 1033 pacificator
1918 926 2112 1008 solet
2141 981 2166 1020 ‚
2230 932 2366 1038 qui
2398 935 2512 1011 in·

235 1046 522 1124 clinato
561 1045 642 1121 in
698 1044 1111 1122 humerum
1146 1037 1513 1130 dextrum
1560 1041 1805 1143 capite
1830 1095 1852 1124 ‚
1911 1039 2228 1119 brachio
2261 1044 2513 1123 abau-

235 1185 319 1239 re
356 1154 719 1264 protenso
755 1210 780 1246 ,
856 1179 1176 1234 manum
1221 1149 1497 1243 infesto
1556 1148 1846 1255 pollice
1905 1149 2251 1231 extendit
2289 1183 2306 1232 ε
2373 1157 2512 1262 qui
2553 1243 2562 1252 ,

232 1267 548 1379 quidem
612 1268 956 1346 maxime
1014 1263 1261 1371 placet
1324 1264 1412 1341 iis
1458 1315 1481 1352 ‚
1563 1263 1700 1369 qui
1770 1258 1847 1340 se
1917 1260 2174 1342 dicere
2227 1262 2514 1345 sublata

233 1409 466 1463 manu
509 1380 811 1483 jastant.
907 1373 1248 1479 Adjicias
1312 1371 1497 1451 licet
1539 1398 1673 1451 eos
1733 1372 1867 1479 qui
1931 1372 2336 1455 sententias
2396 1380 2508 1458 vi-

233 1494 461 1575 bratis
502 1490 763 1598 digitis
805 1488 1236 1593 jaculantur
1268 1540 1293 1576 ,
1340 1505 1470 1566 aut
1525 1508 1763 1563 manu
1814 1481 2098 1564 sublata
2147 1482 2531 1578 denuncis

233 1628 413 1696 ant,
448 1626 579 1684 aut
620 1600 884 1714 (quod
925 1627 1067 1708 per
1104 1597 1178 1678 se
1215 1598 1531 1676 interim
1573 1590 2110 1700 recipiendum
2142 1595 2282 1693 est)
2318 1623 2516 1705 quo-

231 1721 377 1798 ties
416 1713 703 1825 aliquid
751 1710 926 1822 ἱρῆς
976 1711 1261 1819 placuit
1298 1763 1321 1800 ‚
1385 1710 1465 1787 in
1505 1731 1795 1812 ungues
1854 1708 2278 1812 eriguntur·
2306 1740 2331 1786 .·
2386 1706 2516 1790 sed

234 1826 599 1918 vitiosum
630 1826 712 1907 id
755 1826 1043 1907 faciunt
1080 1843 1209 1912 aut
1257 1819 1511 1925 digito
1554 1837 1846 1927 quanto
1890 1816 2317 1923 plurimum
2341 1818 2512 1925 pos²

231 1941 401 2022 sunt
441 1939 702 2022 ercito
730 1994 753 2030 ‚
806 1958 935 2018 aut
978 1934 1217 2016 etiam
1259 1931 1561 2012 duobus
1618 1980 1639 2013 ‚
1706 1950 1838 2008 aut
1900 1950 2220 2037 utraque
2274 1937 2516 2009 manu

222 2054 330 2136 ad
369 2050 707 2133 modum
748 2046 1038 2156 aliquid
1072 2044 1560 2157 portantium
1580 2036 2027 2140 compofita.
2108 2042 2253 2136 His
2300 2047 2513 2120 acce4

221 2166 431 2248 dunt
470 2167 656 2248 vitia
695 2189 862 2243 non
905 2179 1198 2240 naturae
1233 2210 1258 2242 ,
1309 2151 1438 2232 sed
1483 2149 2013 2257 trepidationis
2046 2204 2069 2240 ,
2121 2177 2305 2231 cum
2370 2151 2535 2233 ore‘

225 2296 741 2361 concurrente
778 2274 1068 2361 rixari,
1131 2267 1187 2348 fi
1221 2266 1607 2366 memo-ria
1659 2261 2018 2341 fefellerit
2052 2318 2074 2345 ‚
2131 2284 2260 2342 aut
2300 2266 2513 2367 cog'i-⁸

232 2394 431 2473 tatio
480 2416 644 2469 non
693 2384 1148 2492 suffragetur
1184 2437 1207 2464 ‚
1282 2373 1492 2487 quasi
1553 2374 1893 2474 faucibus
1945 2370 2234 2480 aliquid
2284 2372 2517 2454 obsti..

233 2501 421 2587 terit
452 2499 802 2583 insonare
829 2492 886 2591 ,⁸
920 2499 1002 2576 in
1041 2489 1448 2575 adversum
1492 2510 1794 2592 tergere
1839 2495 2062 2565 nares
2083 2537 2108 2576 ,
2150 2483 2512 2565 obambu-

228 2617 395 2698 lare
426 2613 780 2695 sermone
824 2605 1281 2717 imperfesto
1315 2660 1336 2687 ‚
1388 2597 1728 2681 resistere
1766 2595 2057 2686 subito,
2095 2600 2174 2678 &
2206 2592 2521 2678 laudem

227 2727 544 2810 silentio
579 2724 895 2834 poscere
938 2756 962 2799 :
1028 2745 1199 2826 quae
1260 2713 1546 2794 omnia'
1567 2708 1920 2815 persequi
1975 2734 2220 2815 prope
2264 2706 2515 2787 infini-

228 2864 409 2922 tum
456 2839 585 2919 est.
679 2843 822 2917 Sua
863 2835 1076 2912 enim
1114 2830 1391 2935 cuique
1446 2822 1618 2904 sunt
1653 2818 1870 2925 ‘vitia'
1922 2821 2184 2900 Festus
2214 2845 2301 2927 ac
2324 2846 2507 2900 ven·-

228 2977 360 3036 ter
413 2979 511 3032 ne
581 2948 1084 3057 projiciantur
1126 2995 1149 3031 ,
1218 2929 1819 3018 obstrvandum.'
1874 2941 1889 2975 ’·
1928 2928 2263 3013 Pandan't
2309 2932 2526 3011 enim

220 3062 661 3176 posteriora
701 3115 726 3152 ,
790 3062 870 3138 &
913 3054 1024 3134 est
1078 3049 1344 3132 odiosa
1406 3046 1683 3124 omnis'
1717 3039 2101 3148 supinitas.
2235 3042 2523 3122 Latera

225 3204 416 3260 cum
455 3173 670 3282 gestu
716 3164 1214 3251 consentiant.
1309 3159 1512 3238 Facit
1551 3156 1767 3233 enirn
1824 3151 2116 3258 aliquid
2163 3155 2252 3247 δει
2289 3155 2522 3233 totius

223 3289 587 3396 corporis
631 3304 888 3364 motus
929 3310 947 3357 ε
1007 3274 1201 3356 adeo
1255 3293 1342 3351 ut
1379 3271 1657 3348 Cicero
1696 3262 1868 3370 plus
1914 3262 2059 3342 illo
2092 3261 2260 3370 agi,
2288 3288 2525 3371 quam
2562 3364 2566 3370 ἱ

231 3400 602 3482 manibus
642 3393 812 3503 ipfis
857 3410 1098 3499 putet.
1161 3392 1274 3466 Ita
1313 3383 1527 3461 enim
1555 3374 1762 3458 dicit*
1788 3379 1868 3454 in
1914 3379 2244 3455 Oratore
2273 3432 2296 3460 ,
2338 3380 2517 3457 Nul.

233 3516 321 3595 lae
360 3500 651 3620 arguitiae
685 3502 1071 3617 digitbrum
1093 3557 1114 3591 ‚
1157 3527 1293 3578 non
1333 3492 1440 3572 ad
1467 3494 1841 3572 numeram
1864 3491 2210 3568 articulus
2241 3489 2517 3573 cadens.

163 3701 176 3711 ,
235 3650 496 3708 trunco
538 3626 773 3731 magis
828 3619 981 3696 toto'
994 3613 1080 3721 st
1123 3611 1257 3722 ipſs·
1311 3605 1681 3687 moderans
1725 3658 1745 3686 ‚
1804 3598 1908 3697 ῥ’
1961 3603 2177 3679 virili
2214 3603 2521 3691 laterum

200 3737 565 3849 flexione.
657 3727 1235 3814 Femur³ferire‚
1299 3714 1532 3827 quod*
1556 3714 1884 3805 Athenis
1934 3715 2246 3818 primus'
2270 3711 2519 3792 fecisse

222 3838 871 3935 creditur'cle‘on
893 3894 918 3934 ‚
963 3839 1042 3922 δι
1076 3834 1432 3921 ufitatum
1456 3826 1603 3911 est,
1647 3823 2241 3934 &indignantes
2275 3825 2524 3914 decer,

1356 3947 1462 4024 S‘s
1487 3967 1519 4022 s
1545 3965 1578 4021 s
1632 3965 1671 4017 2
2141 3945 2149 3953 ’
2286 3942 2388 4018 7ὅ(
2409 3959 2535 4016 ex·
