<?xml version="1.0" encoding="UTF-8"?>
<!DOCTYPE html PUBLIC "-//W3C//DTD XHTML 1.0 Transitional//EN"
    "http://www.w3.org/TR/xhtml1/DTD/xhtml1-transitional.dtd">
<html xmlns="http://www.w3.org/1999/xhtml" xml:lang="en" lang="en">
 <head>
  <title>
</title>
<meta http-equiv="Content-Type" content="text/html;charset=utf-8" />
  <meta name='ocr-system' content='tesseract 3.04.00' />
  <meta name='ocr-capabilities' content='ocr_page ocr_carea ocr_par ocr_line ocrx_word'/>
</head>
<body>
  <div class='ocr_page' id='page_1' title='image "./deinstitutioneo00obregoog_0190.png"; bbox 0 0 3557 5113; ppageno 0'>
   <div class='ocr_carea' id='block_1_1' title="bbox 919 250 3261 417">
    <p class='ocr_par' dir='ltr' id='par_1_1' title="bbox 919 242 3261 417">
     <span class='ocr_line' id='line_1_1' title="bbox 919 250 3261 417; baseline -0.006 -41"><span class='ocrx_word' id='word_1_1' title='bbox 919 268 1091 417; x_wconf 63' lang='lat'>[46</span> <span class='ocrx_word' id='word_1_2' title='bbox 1452 262 1606 370; x_wconf 88' lang='lat' dir='ltr'>M.</span> <span class='ocrx_word' id='word_1_3' title='bbox 1716 263 2134 369; x_wconf 67' lang='lat' dir='ltr'>PAssit,</span> <span class='ocrx_word' id='word_1_4' title='bbox 2246 250 3261 389; x_wconf 62' lang='lat' dir='ltr'>chTimANx&#39;</span> 
     </span>
    </p>
   </div>
   <div class='ocr_carea' id='block_1_2' title="bbox 776 541 3501 4237">
    <p class='ocr_par' dir='ltr' id='par_1_2' title="bbox 776 541 3501 4237">
     <span class='ocr_line' id='line_1_2' title="bbox 776 541 3501 663; baseline -0.003 -29"><span class='ocrx_word' id='word_1_5' title='bbox 776 560 907 659; x_wconf 71' lang='lat' dir='ltr'>CA</span> <span class='ocrx_word' id='word_1_6' title='bbox 930 555 994 640; x_wconf 73' lang='lat' dir='ltr'>i».</span> <span class='ocrx_word' id='word_1_7' title='bbox 1031 565 1161 646; x_wconf 81' lang='lat' dir='ltr'>VI,</span> <span class='ocrx_word' id='word_1_8' title='bbox 1188 556 1370 663; x_wconf 88' lang='lat' dir='ltr'>quia</span> <span class='ocrx_word' id='word_1_9' title='bbox 1418 550 1600 633; x_wconf 83' lang='lat' dir='ltr'>esset</span> <span class='ocrx_word' id='word_1_10' title='bbox 1658 547 1876 631; x_wconf 74' lang='lat' dir='ltr'><em>eboris</em></span> <span class='ocrx_word' id='word_1_11' title='bbox 1936 553 2015 630; x_wconf 73' lang='grc' dir='ltr'>ὃ(</span> <span class='ocrx_word' id='word_1_12' title='bbox 2068 541 2373 629; x_wconf 71' lang='lat' dir='ltr'>roboris.-</span> <span class='ocrx_word' id='word_1_13' title='bbox 2438 541 2628 627; x_wconf 83' lang='lat' dir='ltr'>ficut</span> <span class='ocrx_word' id='word_1_14' title='bbox 2678 549 3068 628; x_wconf 80' lang='lat' dir='ltr'>Antonius</span> <span class='ocrx_word' id='word_1_15' title='bbox 3123 544 3501 653; x_wconf 59' lang='lat' dir='ltr'>Gnipho}</span> 
     </span>
     <span class='ocr_line' id='line_1_3' title="bbox 1032 658 3501 775; baseline -0.004 -28"><span class='ocrx_word' id='word_1_16' title='bbox 1032 660 1042 666; x_wconf 45' lang='lat'><strong><em>⁹</em></strong></span> <span class='ocrx_word' id='word_1_17' title='bbox 1188 671 1327 775; x_wconf 91' lang='lat' dir='ltr'>qui</span> <span class='ocrx_word' id='word_1_18' title='bbox 1382 663 1593 748; x_wconf 82' lang='lat' dir='ltr'><em>robur</em></span> <span class='ocrx_word' id='word_1_19' title='bbox 1645 660 1970 772; x_wconf 88' lang='lat' dir='ltr'>quidem</span> <span class='ocrx_word' id='word_1_20' title='bbox 2006 666 2084 742; x_wconf 86' lang='lat'>&amp;</span> <span class='ocrx_word' id='word_1_21' title='bbox 2141 658 2312 741; x_wconf 81' lang='lat' dir='ltr'>ebur</span> <span class='ocrx_word' id='word_1_22' title='bbox 2372 679 2606 767; x_wconf 88' lang='lat' dir='ltr'>atque</span> <span class='ocrx_word' id='word_1_23' title='bbox 2659 664 2903 740; x_wconf 88' lang='lat' dir='ltr'>etiam</span> <span class='ocrx_word' id='word_1_24' title='bbox 2953 686 3278 742; x_wconf 78' lang='lat' dir='ltr'><em>marmur</em></span> <span class='ocrx_word' id='word_1_25' title='bbox 3319 659 3501 739; x_wconf 83' lang='lat' dir='ltr'>fate-</span> 
     </span>
     <span class='ocr_line' id='line_1_4' title="bbox 1191 769 3501 869; baseline -0.003 -10"><span class='ocrx_word' id='word_1_26' title='bbox 1191 803 1320 860; x_wconf 85' lang='lat' dir='ltr'>tur</span> <span class='ocrx_word' id='word_1_27' title='bbox 1353 777 1500 859; x_wconf 81' lang='lat' dir='ltr'>effe</span> <span class='ocrx_word' id='word_1_28' title='bbox 1523 834 1545 869; x_wconf 94' lang='lat'>‚</span> <span class='ocrx_word' id='word_1_29' title='bbox 1610 805 1889 859; x_wconf 87' lang='lat' dir='ltr'>verum</span> <span class='ocrx_word' id='word_1_30' title='bbox 1936 774 2104 853; x_wconf 87' lang='lat' dir='ltr'>fieri</span> <span class='ocrx_word' id='word_1_31' title='bbox 2150 772 2323 856; x_wconf 74' lang='lat' dir='ltr'>vult</span> <span class='ocrx_word' id='word_1_32' title='bbox 2378 800 2476 850; x_wconf 85' lang='lat' dir='ltr'>ex</span> <span class='ocrx_word' id='word_1_33' title='bbox 2529 773 2645 851; x_wconf 88' lang='lat' dir='ltr'>his</span> <span class='ocrx_word' id='word_1_34' title='bbox 2686 770 2982 858; x_wconf 77' lang='lat' dir='ltr'>robam,</span> <span class='ocrx_word' id='word_1_35' title='bbox 3040 769 3294 856; x_wconf 77' lang='lat' dir='ltr'>chara,</span> <span class='ocrx_word' id='word_1_36' title='bbox 3317 801 3501 852; x_wconf 78' lang='lat' dir='ltr'>mar-</span> 
     </span>
     <span class='ocr_line' id='line_1_5' title="bbox 1096 884 3499 994; baseline -0.004 -20"><span class='ocrx_word' id='word_1_37' title='bbox 1096 945 1106 950; x_wconf 95' lang='lat'><em>-</em></span> <span class='ocrx_word' id='word_1_38' title='bbox 1192 921 1418 973; x_wconf 79' lang='lat' dir='ltr'><em>mura.</em></span> <span class='ocrx_word' id='word_1_39' title='bbox 1536 887 1775 994; x_wconf 84' lang='lat' dir='ltr'>Qod</span> <span class='ocrx_word' id='word_1_40' title='bbox 1829 886 1884 966; x_wconf 86' lang='lat' dir='ltr'>fi</span> <span class='ocrx_word' id='word_1_41' title='bbox 1941 884 2646 988; x_wconf 74' lang='lat' dir='ltr'>animadverterent</span> <span class='ocrx_word' id='word_1_42' title='bbox 2715 886 3119 965; x_wconf 84' lang='lat' dir='ltr'>literarum</span> <span class='ocrx_word' id='word_1_43' title='bbox 3178 885 3499 964; x_wconf 77' lang='lat' dir='ltr'>affinita-</span> 
     </span>
     <span class='ocr_line' id='line_1_6' title="bbox 1195 994 3498 1103; baseline -0.005 -17"><span class='ocrx_word' id='word_1_44' title='bbox 1195 1028 1361 1086; x_wconf 87' lang='lat' dir='ltr'>tem</span> <span class='ocrx_word' id='word_1_45' title='bbox 1398 1059 1420 1097; x_wconf 90' lang='lat'>,</span> <span class='ocrx_word' id='word_1_46' title='bbox 1484 999 1758 1082; x_wconf 87' lang='lat' dir='ltr'>scirent</span> <span class='ocrx_word' id='word_1_47' title='bbox 1825 999 1927 1080; x_wconf 80' lang='lat' dir='ltr'>sic</span> <span class='ocrx_word' id='word_1_48' title='bbox 1975 999 2069 1079; x_wconf 87' lang='lat' dir='ltr'>ab</span> <span class='ocrx_word' id='word_1_49' title='bbox 2119 1026 2217 1078; x_wconf 87' lang='lat' dir='ltr'>eo</span> <span class='ocrx_word' id='word_1_50' title='bbox 2264 995 2481 1103; x_wconf 88' lang='lat' dir='ltr'>quod</span> <span class='ocrx_word' id='word_1_51' title='bbox 2514 996 2624 1075; x_wconf 90' lang='lat' dir='ltr'>est</span> <span class='ocrx_word' id='word_1_52' title='bbox 2668 994 2914 1083; x_wconf 86' lang='lat' dir='ltr'><em>robur,</em></span> <span class='ocrx_word' id='word_1_53' title='bbox 2974 994 3232 1079; x_wconf 69' lang='lat' dir='ltr'>roboris</span> <span class='ocrx_word' id='word_1_54' title='bbox 3281 996 3449 1077; x_wconf 88' lang='lat' dir='ltr'>fieri</span> <span class='ocrx_word' id='word_1_55' title='bbox 3476 1053 3498 1086; x_wconf 93' lang='lat'>,</span> 
     </span>
     <span class='ocr_line' id='line_1_7' title="bbox 1188 1108 3497 1227; baseline -0.004 -29"><span class='ocrx_word' id='word_1_56' title='bbox 1188 1114 1601 1227; x_wconf 90' lang='lat' dir='ltr'>quomodo</span> <span class='ocrx_word' id='word_1_57' title='bbox 1633 1116 1726 1193; x_wconf 88' lang='lat' dir='ltr'>ab</span> <span class='ocrx_word' id='word_1_58' title='bbox 1773 1140 1872 1192; x_wconf 88' lang='lat' dir='ltr'>eo</span> <span class='ocrx_word' id='word_1_59' title='bbox 1907 1109 2120 1221; x_wconf 88' lang='lat' dir='ltr'>quod</span> <span class='ocrx_word' id='word_1_60' title='bbox 2163 1108 2271 1188; x_wconf 93' lang='lat' dir='ltr'>est</span> <span class='ocrx_word' id='word_1_61' title='bbox 2306 1113 2548 1192; x_wconf 81' lang='lat' dir='ltr'>miles,</span> <span class='ocrx_word' id='word_1_62' title='bbox 2586 1113 2795 1191; x_wconf 85' lang='lat' dir='ltr'>limes</span> <span class='ocrx_word' id='word_1_63' title='bbox 2809 1145 2833 1200; x_wconf 89' lang='lat'>,-</span> <span class='ocrx_word' id='word_1_64' title='bbox 2900 1112 3187 1193; x_wconf 72' lang='lat' dir='ltr'>militis,</span> <span class='ocrx_word' id='word_1_65' title='bbox 3211 1112 3497 1190; x_wconf 61' lang='lat' dir='ltr'>limittit:</span> 
     </span>
     <span class='ocr_line' id='line_1_8' title="bbox 1166 1221 3498 1338; baseline -0.004 -28"><span class='ocrx_word' id='word_1_66' title='bbox 1166 1230 1437 1338; x_wconf 49' lang='lat' dir='ltr'>judext,</span> <span class='ocrx_word' id='word_1_67' title='bbox 1487 1226 1760 1308; x_wconf 75' lang='lat' dir='ltr'>vindex</span> <span class='ocrx_word' id='word_1_68' title='bbox 1797 1262 1820 1318; x_wconf 69' lang='grc' dir='ltr'><strong><em>ς</em></strong></span> <span class='ocrx_word' id='word_1_69' title='bbox 1870 1225 2132 1334; x_wconf 67' lang='lat' dir='ltr'>judicis·</span> <span class='ocrx_word' id='word_1_70' title='bbox 2169 1278 2194 1305; x_wconf 85' lang='lat'>,</span> <span class='ocrx_word' id='word_1_71' title='bbox 2245 1222 2561 1301; x_wconf 70' lang='lat' dir='ltr'>vindicis</span> <span class='ocrx_word' id='word_1_72' title='bbox 2596 1259 2619 1299; x_wconf 94' lang='lat'>.·</span> <span class='ocrx_word' id='word_1_73' title='bbox 2717 1229 2794 1303; x_wconf 71' lang='grc' dir='ltr'>ὅ(</span> <span class='ocrx_word' id='word_1_74' title='bbox 2849 1249 3022 1328; x_wconf 83' lang='lat' dir='ltr'>quae</span> <span class='ocrx_word' id='word_1_75' title='bbox 3072 1221 3298 1329; x_wconf 87' lang='lat' dir='ltr'>supra</span> <span class='ocrx_word' id='word_1_76' title='bbox 3349 1226 3498 1325; x_wconf 83' lang='lat' dir='ltr'>jam</span> 
     </span>
     <span class='ocr_line' id='line_1_9' title="bbox 1179 1332 3499 1447; baseline -0.003 -25"><span class='ocrx_word' id='word_1_77' title='bbox 1179 1346 1420 1447; x_wconf 84' lang='lat' dir='ltr'>attigi.</span> <span class='ocrx_word' id='word_1_78' title='bbox 1519 1336 1777 1443; x_wconf 75' lang='lat' dir='ltr'>Qid?</span> <span class='ocrx_word' id='word_1_79' title='bbox 1832 1364 1995 1416; x_wconf 88' lang='lat' dir='ltr'>non</span> <span class='ocrx_word' id='word_1_80' title='bbox 2039 1332 2318 1413; x_wconf 64' lang='lat' dir='ltr'>similes</span> <span class='ocrx_word' id='word_1_81' title='bbox 2374 1360 2690 1440; x_wconf 88' lang='lat' dir='ltr'>quoque</span> <span class='ocrx_word' id='word_1_82' title='bbox 2745 1345 2861 1430; x_wconf 87' lang='lat' dir='ltr'>(ut</span> <span class='ocrx_word' id='word_1_83' title='bbox 2925 1333 3324 1430; x_wconf 83' lang='lat' dir='ltr'>dicebam)</span> <span class='ocrx_word' id='word_1_84' title='bbox 3369 1362 3499 1440; x_wconf 87' lang='lat' dir='ltr'>po-</span> 
     </span>
     <span class='ocr_line' id='line_1_10' title="bbox 1181 1444 3497 1555; baseline -0.005 -21"><span class='ocrx_word' id='word_1_85' title='bbox 1181 1454 1529 1541; x_wconf 78' lang='lat' dir='ltr'>sitioneS,</span> <span class='ocrx_word' id='word_1_86' title='bbox 1600 1455 1682 1530; x_wconf 88' lang='lat' dir='ltr'>in</span> <span class='ocrx_word' id='word_1_87' title='bbox 1730 1449 1966 1555; x_wconf 81' lang='lat' dir='ltr'>longe</span> <span class='ocrx_word' id='word_1_88' title='bbox 2017 1444 2344 1527; x_wconf 85' lang='lat' dir='ltr'>diversas</span> <span class='ocrx_word' id='word_1_89' title='bbox 2424 1445 2706 1551; x_wconf 84' lang='lat' dir='ltr'>figuras</span> <span class='ocrx_word' id='word_1_90' title='bbox 2777 1474 2916 1551; x_wconf 89' lang='lat' dir='ltr'>per</span> <span class='ocrx_word' id='word_1_91' title='bbox 2967 1446 3332 1553; x_wconf 87' lang='lat' dir='ltr'>obliquos</span> <span class='ocrx_word' id='word_1_92' title='bbox 3383 1476 3497 1525; x_wconf 84' lang='lat' dir='ltr'>ca-</span> 
     </span>
     <span class='ocr_line' id='line_1_11' title="bbox 1184 1554 3493 1671; baseline -0.004 -27"><span class='ocrx_word' id='word_1_93' title='bbox 1184 1565 1305 1646; x_wconf 88' lang='lat' dir='ltr'>sus</span> <span class='ocrx_word' id='word_1_94' title='bbox 1343 1564 1672 1644; x_wconf 85' lang='lat' dir='ltr'>exeunt?</span> <span class='ocrx_word' id='word_1_95' title='bbox 1741 1583 1826 1640; x_wconf 89' lang='lat' dir='ltr'>ut</span> <span class='ocrx_word' id='word_1_96' title='bbox 1866 1568 2113 1670; x_wconf 69' lang='lat' dir='ltr'>virgo,</span> <span class='ocrx_word' id='word_1_97' title='bbox 2157 1554 2357 1660; x_wconf 77' lang='lat' dir='ltr'>June</span> <span class='ocrx_word' id='word_1_98' title='bbox 2376 1592 2398 1633; x_wconf 92' lang='lat'>.·</span> <span class='ocrx_word' id='word_1_99' title='bbox 2458 1559 2710 1663; x_wconf 80' lang='lat' dir='ltr'>fusus,</span> <span class='ocrx_word' id='word_1_100' title='bbox 2746 1560 2931 1666; x_wconf 79' lang='lat' dir='ltr'>lusus</span> <span class='ocrx_word' id='word_1_101' title='bbox 2959 1595 3001 1663; x_wconf 63' lang='lat'>:⁴</span> <span class='ocrx_word' id='word_1_102' title='bbox 3062 1564 3493 1671; x_wconf 48' lang='lat' dir='ltr'>cuspisspup-</span> 
     </span>
     <span class='ocr_line' id='line_1_12' title="bbox 1168 1668 3493 1790; baseline -0.002 -34"><span class='ocrx_word' id='word_1_103' title='bbox 1168 1686 1338 1790; x_wconf 83' lang='lat' dir='ltr'>pis,</span> <span class='ocrx_word' id='word_1_104' title='bbox 1394 1682 1473 1756; x_wconf 76' lang='grc' dir='ltr'>ὅ(</span> <span class='ocrx_word' id='word_1_105' title='bbox 1514 1674 1732 1753; x_wconf 88' lang='lat' dir='ltr'>mille</span> <span class='ocrx_word' id='word_1_106' title='bbox 1770 1672 1949 1751; x_wconf 85' lang='lat' dir='ltr'>alia:</span> <span class='ocrx_word' id='word_1_107' title='bbox 2049 1698 2231 1750; x_wconf 88' lang='lat' dir='ltr'>cum</span> <span class='ocrx_word' id='word_1_108' title='bbox 2277 1668 2471 1747; x_wconf 85' lang='lat' dir='ltr'>illud</span> <span class='ocrx_word' id='word_1_109' title='bbox 2509 1676 2746 1749; x_wconf 88' lang='lat' dir='ltr'>etiam</span> <span class='ocrx_word' id='word_1_110' title='bbox 2778 1669 3067 1751; x_wconf 81' lang='lat' dir='ltr'>accidat</span> <span class='ocrx_word' id='word_1_111' title='bbox 3106 1728 3128 1762; x_wconf 92' lang='lat'>‚</span> <span class='ocrx_word' id='word_1_112' title='bbox 3167 1692 3255 1751; x_wconf 90' lang='lat' dir='ltr'>ut</span> <span class='ocrx_word' id='word_1_113' title='bbox 3307 1700 3493 1780; x_wconf 78' lang='lat' dir='ltr'>quae-</span> 
     </span>
     <span class='ocr_line' id='line_1_13' title="bbox 1185 1779 3491 1893; baseline -0.009 -25"><span class='ocrx_word' id='word_1_114' title='bbox 1185 1788 1371 1868; x_wconf 83' lang='lat' dir='ltr'>dam</span> <span class='ocrx_word' id='word_1_115' title='bbox 1401 1786 1805 1893; x_wconf 84' lang='lat' dir='ltr'>pluraliter</span> <span class='ocrx_word' id='word_1_116' title='bbox 1859 1810 2021 1863; x_wconf 90' lang='lat' dir='ltr'>non</span> <span class='ocrx_word' id='word_1_117' title='bbox 2073 1781 2467 1879; x_wconf 69' lang='lat' dir='ltr'>dicantur,</span> <span class='ocrx_word' id='word_1_118' title='bbox 2527 1779 2885 1889; x_wconf 76' lang='lat' dir='ltr'>quaedam</span> <span class='ocrx_word' id='word_1_119' title='bbox 2939 1806 3211 1862; x_wconf 76' lang='lat' dir='ltr'>contra</span> <span class='ocrx_word' id='word_1_120' title='bbox 3255 1781 3491 1890; x_wconf 79' lang='lat' dir='ltr'>fingu.</span> 
     </span>
     <span class='ocr_line' id='line_1_14' title="bbox 1185 1890 3488 2005; baseline -0.002 -26"><span class='ocrx_word' id='word_1_121' title='bbox 1185 1898 1332 1980; x_wconf 82' lang='lat' dir='ltr'>lari</span> <span class='ocrx_word' id='word_1_122' title='bbox 1398 1925 1789 1978; x_wconf 83' lang='lat' dir='ltr'>numero:</span> <span class='ocrx_word' id='word_1_123' title='bbox 1855 1892 2213 2005; x_wconf 71' lang='lat' dir='ltr'>quaedam</span> <span class='ocrx_word' id='word_1_124' title='bbox 2275 1890 2560 1974; x_wconf 70' lang='lat' dir='ltr'>casibus</span> <span class='ocrx_word' id='word_1_125' title='bbox 2610 1917 2972 1974; x_wconf 86' lang='lat' dir='ltr'>careant:</span> <span class='ocrx_word' id='word_1_126' title='bbox 3040 1894 3401 2002; x_wconf 85' lang='lat' dir='ltr'>quaedam</span> <span class='ocrx_word' id='word_1_127' title='bbox 3451 1922 3488 1974; x_wconf 82' lang='lat' dir='ltr'>a</span> 
     </span>
     <span class='ocr_line' id='line_1_15' title="bbox 1189 2004 3483 2120; baseline -0.003 -31"><span class='ocrx_word' id='word_1_128' title='bbox 1189 2014 1461 2120; x_wconf 87' lang='lat' dir='ltr'>primis</span> <span class='ocrx_word' id='word_1_129' title='bbox 1490 2009 1746 2089; x_wconf 89' lang='lat' dir='ltr'>statim</span> <span class='ocrx_word' id='word_1_130' title='bbox 1799 2006 2302 2112; x_wconf 69' lang='lat' dir='ltr'>positionibus</span> <span class='ocrx_word' id='word_1_131' title='bbox 2351 2026 2515 2085; x_wconf 86' lang='lat' dir='ltr'>tota</span> <span class='ocrx_word' id='word_1_132' title='bbox 2547 2029 2989 2096; x_wconf 88' lang='lat' dir='ltr'>mutentur,</span> <span class='ocrx_word' id='word_1_133' title='bbox 3053 2030 3139 2087; x_wconf 91' lang='lat' dir='ltr'>ut</span> <span class='ocrx_word' id='word_1_134' title='bbox 3184 2004 3483 2120; x_wconf 78' lang='lat' dir='ltr'><em>Jupiter.</em></span> 
     </span>
     <span class='ocr_line' id='line_1_16' title="bbox 1188 2115 3487 2228; baseline -0 -26"><span class='ocrx_word' id='word_1_135' title='bbox 1188 2121 1431 2228; x_wconf 84' lang='lat' dir='ltr'>Qod</span> <span class='ocrx_word' id='word_1_136' title='bbox 1458 2122 1713 2204; x_wconf 88' lang='lat' dir='ltr'>verbis</span> <span class='ocrx_word' id='word_1_137' title='bbox 1745 2122 1983 2200; x_wconf 87' lang='lat' dir='ltr'>etiam</span> <span class='ocrx_word' id='word_1_138' title='bbox 2042 2115 2317 2198; x_wconf 86' lang='lat' dir='ltr'>accidit</span> <span class='ocrx_word' id='word_1_139' title='bbox 2349 2175 2370 2208; x_wconf 87' lang='lat'>,</span> <span class='ocrx_word' id='word_1_140' title='bbox 2428 2140 2514 2197; x_wconf 87' lang='lat' dir='ltr'>ut</span> <span class='ocrx_word' id='word_1_141' title='bbox 2539 2123 2752 2228; x_wconf 80' lang='lat' dir='ltr'>ftro,</span> <span class='ocrx_word' id='word_1_142' title='bbox 2813 2122 2999 2202; x_wconf 77' lang='lat' dir='ltr'>tuli.-</span> <span class='ocrx_word' id='word_1_143' title='bbox 3066 2122 3294 2221; x_wconf 79' lang='lat' dir='ltr'>cujus</span> <span class='ocrx_word' id='word_1_144' title='bbox 3320 2149 3487 2228; x_wconf 82' lang='lat' dir='ltr'>prae-</span> 
     </span>
     <span class='ocr_line' id='line_1_17' title="bbox 1191 2229 3484 2341; baseline -0.002 -25"><span class='ocrx_word' id='word_1_145' title='bbox 1191 2242 1512 2316; x_wconf 88' lang='lat' dir='ltr'>teritum</span> <span class='ocrx_word' id='word_1_146' title='bbox 1564 2230 2040 2341; x_wconf 78' lang='lat' dir='ltr'>perfectum,</span> <span class='ocrx_word' id='word_1_147' title='bbox 2094 2236 2174 2312; x_wconf 74' lang='grc' dir='ltr'>ὅ(</span> <span class='ocrx_word' id='word_1_148' title='bbox 2224 2229 2545 2310; x_wconf 86' lang='lat' dir='ltr'>ulterius</span> <span class='ocrx_word' id='word_1_149' title='bbox 2586 2259 2748 2311; x_wconf 90' lang='lat' dir='ltr'>non</span> <span class='ocrx_word' id='word_1_150' title='bbox 2807 2234 3216 2313; x_wconf 87' lang='lat' dir='ltr'>invenitur.</span> <span class='ocrx_word' id='word_1_151' title='bbox 3342 2240 3484 2312; x_wconf 82' lang='lat' dir='ltr'>Nec</span> 
     </span>
     <span class='ocr_line' id='line_1_18' title="bbox 1191 2341 3483 2458; baseline -0.003 -29"><span class='ocrx_word' id='word_1_152' title='bbox 1191 2348 1627 2458; x_wconf 86' lang='lat' dir='ltr'>plurimum</span> <span class='ocrx_word' id='word_1_153' title='bbox 1668 2343 1941 2435; x_wconf 84' lang='lat' dir='ltr'>refert,</span> <span class='ocrx_word' id='word_1_154' title='bbox 2006 2341 2220 2441; x_wconf 65' lang='lat' dir='ltr'>nulla</span> <span class='ocrx_word' id='word_1_155' title='bbox 2249 2343 2410 2421; x_wconf 85' lang='lat' dir='ltr'>haec</span> <span class='ocrx_word' id='word_1_156' title='bbox 2431 2397 2453 2432; x_wconf 90' lang='lat'>‚</span> <span class='ocrx_word' id='word_1_157' title='bbox 2504 2371 2600 2422; x_wconf 87' lang='lat' dir='ltr'>an</span> <span class='ocrx_word' id='word_1_158' title='bbox 2632 2342 2980 2449; x_wconf 81' lang='lat' dir='ltr'>praedura</span> <span class='ocrx_word' id='word_1_159' title='bbox 3026 2341 3195 2427; x_wconf 86' lang='lat' dir='ltr'>fint.</span> <span class='ocrx_word' id='word_1_160' title='bbox 3300 2352 3483 2426; x_wconf 83' lang='lat' dir='ltr'>Nam</span> 
     </span>
     <span class='ocr_line' id='line_1_19' title="bbox 1194 2452 3483 2573; baseline -0.003 -31"><span class='ocrx_word' id='word_1_161' title='bbox 1194 2458 1387 2572; x_wconf 90' lang='lat' dir='ltr'>quid</span> <span class='ocrx_word' id='word_1_162' title='bbox 1427 2465 1799 2573; x_wconf 84' lang='lat' dir='ltr'>progenies</span> <span class='ocrx_word' id='word_1_163' title='bbox 1859 2459 2210 2565; x_wconf 86' lang='lat' dir='ltr'>genitivo</span> <span class='ocrx_word' id='word_1_164' title='bbox 2279 2452 2639 2561; x_wconf 84' lang='lat' dir='ltr'>fingulari</span> <span class='ocrx_word' id='word_1_165' title='bbox 2670 2511 2695 2545; x_wconf 86' lang='lat'>,</span> <span class='ocrx_word' id='word_1_166' title='bbox 2753 2454 2943 2564; x_wconf 91' lang='lat' dir='ltr'>quid</span> <span class='ocrx_word' id='word_1_167' title='bbox 3012 2456 3302 2565; x_wconf 74' lang='lat' dir='ltr'>plurali</span> <span class='ocrx_word' id='word_1_168' title='bbox 3339 2464 3483 2573; x_wconf 76' lang='lat' dir='ltr'>spes</span> 
     </span>
     <span class='ocr_line' id='line_1_20' title="bbox 1193 2568 3480 2678; baseline -0.001 -24"><span class='ocrx_word' id='word_1_169' title='bbox 1193 2575 1468 2654; x_wconf 85' lang='lat' dir='ltr'>faciet?</span> <span class='ocrx_word' id='word_1_170' title='bbox 1535 2568 1967 2676; x_wconf 82' lang='lat' dir='ltr'>Qomodo</span> <span class='ocrx_word' id='word_1_171' title='bbox 2022 2590 2283 2649; x_wconf 85' lang='lat' dir='ltr'>autem</span> <span class='ocrx_word' id='word_1_172' title='bbox 2340 2578 2545 2677; x_wconf 80' lang='lat' dir='ltr'><em>quire</em></span> <span class='ocrx_word' id='word_1_173' title='bbox 2598 2574 2678 2650; x_wconf 89' lang='lat'>&amp;</span> <span class='ocrx_word' id='word_1_174' title='bbox 2730 2599 2932 2653; x_wconf 83' lang='lat' dir='ltr'><em>ruere</em></span> <span class='ocrx_word' id='word_1_175' title='bbox 2958 2625 2981 2659; x_wconf 85' lang='lat'>‚</span> <span class='ocrx_word' id='word_1_176' title='bbox 3034 2570 3163 2653; x_wconf 86' lang='lat' dir='ltr'>vel</span> <span class='ocrx_word' id='word_1_177' title='bbox 3212 2577 3296 2652; x_wconf 88' lang='lat' dir='ltr'>in</span> <span class='ocrx_word' id='word_1_178' title='bbox 3321 2600 3480 2678; x_wconf 84' lang='lat' dir='ltr'>prae·</span> 
     </span>
     <span class='ocr_line' id='line_1_21' title="bbox 1197 2678 3474 2790; baseline -0.001 -26"><span class='ocrx_word' id='word_1_179' title='bbox 1197 2689 1426 2766; x_wconf 85' lang='lat' dir='ltr'>terita</span> <span class='ocrx_word' id='word_1_180' title='bbox 1473 2680 1814 2789; x_wconf 88' lang='lat' dir='ltr'>patiendi</span> <span class='ocrx_word' id='word_1_181' title='bbox 1867 2678 2161 2771; x_wconf 88' lang='lat' dir='ltr'>modo,</span> <span class='ocrx_word' id='word_1_182' title='bbox 2223 2679 2351 2760; x_wconf 88' lang='lat' dir='ltr'>vel</span> <span class='ocrx_word' id='word_1_183' title='bbox 2408 2685 2491 2761; x_wconf 88' lang='lat' dir='ltr'>in</span> <span class='ocrx_word' id='word_1_184' title='bbox 2557 2686 2959 2790; x_wconf 86' lang='lat' dir='ltr'>participia</span> <span class='ocrx_word' id='word_1_185' title='bbox 3009 2681 3474 2764; x_wconf 79' lang='lat' dir='ltr'>transibunt?</span> 
     </span>
     <span class='ocr_line' id='line_1_22' title="bbox 1190 2791 3474 2903; baseline 0 -29"><span class='ocrx_word' id='word_1_186' title='bbox 1190 2794 1408 2893; x_wconf 84' lang='lat' dir='ltr'>Qid</span> <span class='ocrx_word' id='word_1_187' title='bbox 1442 2794 1539 2874; x_wconf 89' lang='lat' dir='ltr'>de</span> <span class='ocrx_word' id='word_1_188' title='bbox 1582 2795 1746 2873; x_wconf 87' lang='lat' dir='ltr'>aliis</span> <span class='ocrx_word' id='word_1_189' title='bbox 1788 2792 2079 2876; x_wconf 81' lang='lat' dir='ltr'>dicam.</span> <span class='ocrx_word' id='word_1_190' title='bbox 2136 2819 2319 2872; x_wconf 88' lang='lat' dir='ltr'>cum</span> <span class='ocrx_word' id='word_1_191' title='bbox 2331 2791 2628 2898; x_wconf 83' lang='lat' dir='ltr'>senatus</span> <span class='ocrx_word' id='word_1_192' title='bbox 2647 2851 2671 2885; x_wconf 90' lang='lat'>,</span> <span class='ocrx_word' id='word_1_193' title='bbox 2675 2793 3013 2902; x_wconf 79' lang='lat' dir='ltr'>stnatus,</span> <span class='ocrx_word' id='word_1_194' title='bbox 3032 2794 3374 2903; x_wconf 65' lang='lat' dir='ltr'>finani,</span> <span class='ocrx_word' id='word_1_195' title='bbox 3395 2823 3474 2875; x_wconf 87' lang='lat' dir='ltr'>an</span> 
     </span>
     <span class='ocr_line' id='line_1_23' title="bbox 1171 2904 3474 3021; baseline -0.002 -31"><span class='ocrx_word' id='word_1_196' title='bbox 1171 2906 2074 3021; x_wconf 73' lang='lat' dir='ltr'>senatus‚stnati,st›nato‚</span> <span class='ocrx_word' id='word_1_197' title='bbox 2115 2904 2338 2983; x_wconf 83' lang='lat' dir='ltr'>faciat</span> <span class='ocrx_word' id='word_1_198' title='bbox 2359 2960 2380 2994; x_wconf 89' lang='lat'>,</span> <span class='ocrx_word' id='word_1_199' title='bbox 2423 2910 2807 2989; x_wconf 89' lang='lat' dir='ltr'>incertum</span> <span class='ocrx_word' id='word_1_200' title='bbox 2840 2906 2972 2987; x_wconf 83' lang='lat' dir='ltr'>fit?</span> <span class='ocrx_word' id='word_1_201' title='bbox 2995 2913 3266 3015; x_wconf 82' lang='lat' dir='ltr'>Qare</span> <span class='ocrx_word' id='word_1_202' title='bbox 3300 2908 3474 2990; x_wconf 87' lang='lat' dir='ltr'>mihi</span> 
     </span>
     <span class='ocr_line' id='line_1_24' title="bbox 1168 3014 3490 3114; baseline -0.002 -10"><span class='ocrx_word' id='word_1_203' title='bbox 1168 3050 1353 3104; x_wconf 42' lang='lat' dir='ltr'>wnon</span> <span class='ocrx_word' id='word_1_204' title='bbox 1403 3015 1801 3103; x_wconf 88' lang='lat' dir='ltr'>invenuste</span> <span class='ocrx_word' id='word_1_205' title='bbox 1852 3017 2007 3097; x_wconf 90' lang='lat' dir='ltr'>dici</span> <span class='ocrx_word' id='word_1_206' title='bbox 2052 3014 2364 3100; x_wconf 83' lang='lat' dir='ltr'>videtur</span> <span class='ocrx_word' id='word_1_207' title='bbox 2384 3076 2406 3110; x_wconf 92' lang='lat'>‚</span> <span class='ocrx_word' id='word_1_208' title='bbox 2459 3018 2667 3099; x_wconf 89' lang='lat' dir='ltr'>aliud</span> <span class='ocrx_word' id='word_1_209' title='bbox 2706 3017 2852 3100; x_wconf 88' lang='lat' dir='ltr'>esse</span> <span class='ocrx_word' id='word_1_210' title='bbox 2910 3022 3192 3102; x_wconf 86' lang='lat' dir='ltr'>Latine</span> <span class='ocrx_word' id='word_1_211' title='bbox 3213 3079 3237 3114; x_wconf 93' lang='lat'>,</span> <span class='ocrx_word' id='word_1_212' title='bbox 3292 3015 3490 3110; x_wconf 49' lang='lat' dir='ltr'>aliud¹</span> 
     </span>
     <span class='ocr_line' id='line_1_25' title="bbox 1134 3126 3482 3240; baseline -0.001 -25"><span class='ocrx_word' id='word_1_213' title='bbox 1134 3147 1135 3150; x_wconf 75' lang='grc'>’</span> <span class='ocrx_word' id='word_1_214' title='bbox 1188 3135 1719 3215; x_wconf 74' lang='lat' dir='ltr'>Grammatico</span> <span class='ocrx_word' id='word_1_215' title='bbox 1747 3132 1989 3239; x_wconf 90' lang='lat' dir='ltr'>loqui.</span> <span class='ocrx_word' id='word_1_216' title='bbox 2085 3135 2208 3210; x_wconf 89' lang='lat' dir='ltr'>Ac</span> <span class='ocrx_word' id='word_1_217' title='bbox 2239 3126 2337 3209; x_wconf 89' lang='lat' dir='ltr'>de</span> <span class='ocrx_word' id='word_1_218' title='bbox 2372 3132 2719 3240; x_wconf 85' lang='lat' dir='ltr'>analogia</span> <span class='ocrx_word' id='word_1_219' title='bbox 2759 3131 2889 3214; x_wconf 88' lang='lat' dir='ltr'>vel</span> <span class='ocrx_word' id='word_1_220' title='bbox 2934 3138 3295 3215; x_wconf 88' lang='lat' dir='ltr'>nimium.</span> <span class='ocrx_word' id='word_1_221' title='bbox 3320 3138 3482 3240; x_wconf 84' lang='lat' dir='ltr'>Ety-</span> 
     </span>
     <span class='ocr_line' id='line_1_26' title="bbox 1160 3243 3486 3353; baseline 0.003 -27"><span class='ocrx_word' id='word_1_222' title='bbox 1160 3246 1540 3352; x_wconf 12' lang='lat' dir='ltr'>*mologia</span> <span class='ocrx_word' id='word_1_223' title='bbox 1573 3299 1594 3333; x_wconf 98' lang='lat'>,</span> <span class='ocrx_word' id='word_1_224' title='bbox 1659 3269 1831 3352; x_wconf 83' lang='lat' dir='ltr'>quae</span> <span class='ocrx_word' id='word_1_225' title='bbox 1871 3243 2298 3344; x_wconf 75' lang='lat' dir='ltr'>verborum</span> <span class='ocrx_word' id='word_1_226' title='bbox 2339 3248 2725 3352; x_wconf 85' lang='lat' dir='ltr'>originem</span> <span class='ocrx_word' id='word_1_227' title='bbox 2778 3249 3138 3353; x_wconf 79' lang='lat' dir='ltr'>inquirit,</span> <span class='ocrx_word' id='word_1_228' title='bbox 3194 3275 3238 3325; x_wconf 85' lang='lat' dir='ltr'>a</span> <span class='ocrx_word' id='word_1_229' title='bbox 3277 3249 3486 3332; x_wconf 49' lang='lat' dir='ltr'>Cice-s</span> 
     </span>
     <span class='ocr_line' id='line_1_27' title="bbox 1187 3355 3484 3467; baseline -0.001 -28"><span class='ocrx_word' id='word_1_230' title='bbox 1187 3386 1385 3439; x_wconf 88' lang='lat' dir='ltr'>rone</span> <span class='ocrx_word' id='word_1_231' title='bbox 1432 3355 1632 3436; x_wconf 74' lang='lat' dir='ltr'>dieta</span> <span class='ocrx_word' id='word_1_232' title='bbox 1671 3356 1783 3436; x_wconf 89' lang='lat' dir='ltr'>est</span> <span class='ocrx_word' id='word_1_233' title='bbox 1833 3360 2135 3438; x_wconf 87' lang='lat' dir='ltr'>notatio</span> <span class='ocrx_word' id='word_1_234' title='bbox 2159 3411 2181 3445; x_wconf 88' lang='lat'>‚</span> <span class='ocrx_word' id='word_1_235' title='bbox 2225 3361 2404 3462; x_wconf 87' lang='lat' dir='ltr'>quia</span> <span class='ocrx_word' id='word_1_236' title='bbox 2438 3385 2735 3439; x_wconf 86' lang='lat' dir='ltr'>nomen</span> <span class='ocrx_word' id='word_1_237' title='bbox 2765 3361 2924 3460; x_wconf 84' lang='lat' dir='ltr'>ejus</span> <span class='ocrx_word' id='word_1_238' title='bbox 2963 3355 3165 3467; x_wconf 84' lang='lat' dir='ltr'>apud</span> <span class='ocrx_word' id='word_1_239' title='bbox 3199 3357 3484 3444; x_wconf 43' lang='lat' dir='ltr'>Aristoss</span> 
     </span>
     <span class='ocr_line' id='line_1_28' title="bbox 1186 3465 3458 3578; baseline -0 -29"><span class='ocrx_word' id='word_1_240' title='bbox 1186 3470 1432 3549; x_wconf 90' lang='lat' dir='ltr'>telem</span> <span class='ocrx_word' id='word_1_241' title='bbox 1478 3472 1871 3550; x_wconf 88' lang='lat' dir='ltr'>invenitur</span> <span class='ocrx_word' id='word_1_242' title='bbox 1920 3465 2260 3566; x_wconf 68' lang='grc' dir='ltr'><strong><em>σόμέολον</em></strong></span> <span class='ocrx_word' id='word_1_243' title='bbox 2287 3521 2305 3550; x_wconf 85' lang='grc'><strong><em>,</em></strong></span> <span class='ocrx_word' id='word_1_244' title='bbox 2364 3469 2580 3578; x_wconf 91' lang='lat' dir='ltr'>quod</span> <span class='ocrx_word' id='word_1_245' title='bbox 2630 3467 2738 3550; x_wconf 89' lang='lat' dir='ltr'>est</span> <span class='ocrx_word' id='word_1_246' title='bbox 2785 3490 2970 3550; x_wconf 83' lang='lat' dir='ltr'>nota</span> <span class='ocrx_word' id='word_1_247' title='bbox 3007 3503 3026 3550; x_wconf 76' lang='lat' dir='ltr'><em>z</em></span> <span class='ocrx_word' id='word_1_248' title='bbox 3091 3497 3278 3550; x_wconf 87' lang='lat' dir='ltr'>nam</span> <span class='ocrx_word' id='word_1_249' title='bbox 3326 3497 3458 3550; x_wconf 86' lang='lat' dir='ltr'>ver</span> 
     </span>
     <span class='ocr_line' id='line_1_29' title="bbox 1190 3477 3483 3692; baseline 0 -29"><span class='ocrx_word' id='word_1_250' title='bbox 1190 3581 1386 3663; x_wconf 89' lang='lat' dir='ltr'>bum</span> <span class='ocrx_word' id='word_1_251' title='bbox 1422 3609 1468 3659; x_wconf 91' lang='lat' dir='ltr'>e</span> <span class='ocrx_word' id='word_1_252' title='bbox 1508 3580 1752 3665; x_wconf 79' lang='lat' dir='ltr'>verbo</span> <span class='ocrx_word' id='word_1_253' title='bbox 1805 3581 2167 3670; x_wconf 69' lang='lat' dir='ltr'>dustum,</span> <span class='ocrx_word' id='word_1_254' title='bbox 2197 3576 2308 3659; x_wconf 69' lang='lat' dir='ltr'>‘id</span> <span class='ocrx_word' id='word_1_255' title='bbox 2348 3583 2459 3662; x_wconf 89' lang='lat' dir='ltr'>est</span> <span class='ocrx_word' id='word_1_256' title='bbox 2488 3640 2510 3676; x_wconf 90' lang='lat'>,</span> <span class='ocrx_word' id='word_1_257' title='bbox 2557 3580 3120 3692; x_wconf 85' lang='lat' dir='ltr'>veriloquium,</span> <span class='ocrx_word' id='word_1_258' title='bbox 3174 3582 3337 3691; x_wconf 88' lang='lat' dir='ltr'>ipse</span> <span class='ocrx_word' id='word_1_259' title='bbox 3375 3477 3483 3684; x_wconf 47' lang='lat' dir='ltr'>Gi]</span> 
     </span>
     <span class='ocr_line' id='line_1_30' title="bbox 1137 3669 3479 3806; baseline 0 -32"><span class='ocrx_word' id='word_1_260' title='bbox 1137 3698 1372 3775; x_wconf 81' lang='lat' dir='ltr'>&#39;cero</span> <span class='ocrx_word' id='word_1_261' title='bbox 1426 3697 1569 3803; x_wconf 27' lang='lat' dir='ltr'>&lt;qui</span> <span class='ocrx_word' id='word_1_262' title='bbox 1620 3694 1848 3777; x_wconf 81' lang='lat' dir='ltr'>finxit</span> <span class='ocrx_word' id='word_1_263' title='bbox 1887 3749 1908 3785; x_wconf 92' lang='lat'>,</span> <span class='ocrx_word' id='word_1_264' title='bbox 1976 3693 2448 3777; x_wconf 86' lang='lat' dir='ltr'>reformidat.</span> <span class='ocrx_word' id='word_1_265' title='bbox 2585 3701 2772 3776; x_wconf 89' lang='lat' dir='ltr'>Sunt</span> <span class='ocrx_word' id='word_1_266' title='bbox 2833 3700 2966 3805; x_wconf 92' lang='lat' dir='ltr'>qui</span> <span class='ocrx_word' id='word_1_267' title='bbox 3016 3701 3188 3779; x_wconf 89' lang='lat' dir='ltr'>vim</span> <span class='ocrx_word' id='word_1_268' title='bbox 3235 3669 3479 3806; x_wconf 47' lang='lat' dir='ltr'>potiud</span> 
     </span>
     <span class='ocr_line' id='line_1_31' title="bbox 1181 3806 3433 3920; baseline 0 -33"><span class='ocrx_word' id='word_1_269' title='bbox 1181 3808 1473 3898; x_wconf 86' lang='lat' dir='ltr'>intuiti,</span> <span class='ocrx_word' id='word_1_270' title='bbox 1511 3809 2116 3915; x_wconf 83' lang='lat' dir='ltr'>originationem</span> <span class='ocrx_word' id='word_1_271' title='bbox 2151 3831 2452 3900; x_wconf 79' lang='lat' dir='ltr'>vocent,</span> <span class='ocrx_word' id='word_1_272' title='bbox 2549 3814 2734 3889; x_wconf 83' lang='lat' dir='ltr'>Haec</span> <span class='ocrx_word' id='word_1_273' title='bbox 2788 3810 3019 3891; x_wconf 83' lang='lat' dir='ltr'>habet</span> <span class='ocrx_word' id='word_1_274' title='bbox 3071 3806 3433 3920; x_wconf 86' lang='lat' dir='ltr'>aliquand</span> 
     </span>
     <span class='ocr_line' id='line_1_32' title="bbox 1168 3919 3438 4030; baseline 0.001 -30"><span class='ocrx_word' id='word_1_275' title='bbox 1168 3919 1413 4001; x_wconf 78' lang='lat' dir='ltr'>usum</span> <span class='ocrx_word' id='word_1_276' title='bbox 1496 3920 1991 4002; x_wconf 68' lang='lat' dir='ltr'>necessarium</span> <span class='ocrx_word' id='word_1_277' title='bbox 2016 3976 2039 4014; x_wconf 90' lang='lat'>‚</span> <span class='ocrx_word' id='word_1_278' title='bbox 2121 3926 2424 4030; x_wconf 87' lang='lat' dir='ltr'>quoties</span> <span class='ocrx_word' id='word_1_279' title='bbox 2499 3925 3134 4029; x_wconf 84' lang='lat' dir='ltr'>interpretatione</span> <span class='ocrx_word' id='word_1_280' title='bbox 3221 3952 3346 4004; x_wconf 87' lang='lat' dir='ltr'>res</span> <span class='ocrx_word' id='word_1_281' title='bbox 3437 3965 3438 3970; x_wconf 12' lang='grc' dir='ltr'><strong><em>Ν</em></strong></span> 
     </span>
     <span class='ocr_line' id='line_1_33' title="bbox 1160 4033 3408 4166; baseline -0.001 -51"><span class='ocrx_word' id='word_1_282' title='bbox 1160 4055 1339 4143; x_wconf 74' lang='lat' dir='ltr'>,qua</span> <span class='ocrx_word' id='word_1_283' title='bbox 1377 4037 1793 4145; x_wconf 59' lang='lat' dir='ltr'>quaeritur,</span> <span class='ocrx_word' id='word_1_284' title='bbox 1859 4056 2088 4145; x_wconf 84' lang='lat' dir='ltr'>eget:</span> <span class='ocrx_word' id='word_1_285' title='bbox 2156 4058 2246 4146; x_wconf 69' lang='lat' dir='ltr'>ut</span> <span class='ocrx_word' id='word_1_286' title='bbox 2304 4062 2487 4151; x_wconf 66' lang='lat' dir='ltr'>epm</span> <span class='ocrx_word' id='word_1_287' title='bbox 2541 4039 2648 4120; x_wconf 92' lang='grc' dir='ltr'>Μ.</span> <span class='ocrx_word' id='word_1_288' title='bbox 2691 4033 3105 4166; x_wconf 59' lang='lat' dir='ltr'>Coeliusse</span> <span class='ocrx_word' id='word_1_289' title='bbox 3159 4035 3315 4117; x_wconf 80' lang='lat' dir='ltr'>effe</span> <span class='ocrx_word' id='word_1_290' title='bbox 3359 4036 3408 4113; x_wconf 88' lang='lat' dir='ltr'>h</span> 
     </span>
     <span class='ocr_line' id='line_1_34' title="bbox 1154 4175 3405 4237; baseline -0.002 4"><span class='ocrx_word' id='word_1_291' title='bbox 1154 4183 1159 4214; x_wconf 87' lang='lat'>;</span> <span class='ocrx_word' id='word_1_292' title='bbox 3190 4175 3405 4237; x_wconf 66' lang='lat' dir='ltr'>[nl-sse</span> 
     </span>
    </p>
   </div>
  </div>
 </body>
</html>
