3557 5113
819 271 1035 415 1242
1272 261 3260 427 ..MAEAffin-xr'QmNcTitiANr

738 592 755 661 j
812 569 939 644 CA
972 591 1033 643 ι».
1143 552 1455 661 stigium
1520 549 1906 634 existimet
1963 550 2119 635 sine
2174 574 2338 633 arte
2391 545 2671 636 venisse
2737 552 2760 633 Ξ
2846 548 3226 661 Equidem
3279 552 3423 636 illos

790 675 1036 762 XVII.
1144 670 1281 778 qui
1323 689 1597 748 contra
1643 664 2224 774 disputaverunt
2260 721 2284 757 ,
2338 693 2498 746 non
2553 688 2717 747 tam
2768 664 2849 745 id
2903 664 3188 746 senfisse
3243 668 3426 777 quod

1136 781 1543 883 dicerent,
1589 805 1826 886 quam
1870 802 2230 858 exercere
2288 782 2597 885 ingenia
2657 782 2999 859 materiae
3046 777 3428 863 difficulta2

1147 917 1228 976 te
1273 888 1513 973 credo
1559 887 1874 972 voluisse
1936 923 1952 968 ε
2014 889 2203 972 ficut
2257 894 2744 997 Polycratem
2795 915 2980 971 cum
3027 890 3425 972 Busiridem

1146 1005 1541 1096 laudaret,
1590 1009 1670 1085 δι
1693 1003 2350 1111 Clytcmnestram
2388 1027 2907 1112 :quanquam
2948 1009 3049 1095 is,
3099 1005 3311 1113 quod
3333 1007 3428 1084 his

1146 1113 1511 1200 dissimile
1563 1142 1727 1196 non
1769 1113 1950 1197 esset
1987 1169 2010 1207 ‚
2067 1143 2250 1196 com
2307 1114 2570 1195 osuisse
2623 1119 3065 1196 orationem
3111 1138 3283 1225 quae
3339 1117 3430 1196 est

1146 1232 1409 1312 habita
1451 1250 1723 1310 contra
1747 1233 2141 1310 Socratem
2164 1285 2187 1319 ‚
2297 1231 2536 1307 citur.
2650 1225 2993 1334 Qidam
3022 1226 3428 1309 naturalem

1144 1341 1296 1425 effe
1344 1342 1789 1424 rhetoricen
1830 1340 2109 1425 volunt
2149 1396 2173 1431 ,
2228 1343 2308 1422 ὅ(
2371 1363 2633 1420 tamen
2693 1333 3031 1441 adjuvari
3089 1344 3426 1421 exercita-

1150 1460 1367 1536 tione
1415 1480 1581 1535 non
1625 1449 2062 1537 diffitentur
2109 1483 2126 1532 ε
2198 1475 2284 1532 ut
2327 1455 2407 1531 in
2447 1449 2651 1531 libro
2690 1455 3087 1533 Ciceronis
3124 1446 3227 1533 de
3264 1455 3424 1533 Ora-

1147 1589 1321 1649 tore
1379 1566 1568 1647 dicit
1625 1569 2015 1647 Antonius
2053 1620 2080 1655 ,
2141 1562 2762 1647 observationem
2819 1560 3214 1672 quandam
3273 1564 3428 1651 esst,

1147 1706 1314 1760 non
1373 1702 1642 1759 artem.
1757 1675 1997 1783 Qod
2041 1703 2206 1756 non
2257 1672 2437 1758 ideo
2478 1731 2500 1768 ‚
2576 1694 2662 1755 ut
2705 1702 2854 1783 pro
2896 1704 3086 1757 vero
3137 1680 3429 1784 accipia-

1148 1819 1324 1873 mus
1349 1847 1372 1882 ‚
1413 1789 1525 1871 est
1558 1786 1899 1897 positum
1949 1820 1969 1882 ;
2037 1786 2165 1868 sed
2211 1809 2299 1867 ut
2345 1791 2673 1892 Antonij
2717 1787 3041 1894 persona
3081 1787 3428 1893 servetur,

1147 1896 1284 2012 qui
1322 1899 1841 1983 diffimulator
1888 1902 2069 1983 artis
2129 1897 2358 1979 fuit...
2407 1902 2632 1980 Hanc
2685 1920 2951 1980 autem
2991 1904 3427 2009 opinionem

1143 2010 1480 2095 habuisse
1513 2008 1777 2121 Lyfias
1810 2010 2160 2095 videtur:
2189 2014 2417 2114 'cujus
2454 2010 2839 2093 sententiae
2891 2013 3061 2093 talis
3106 2012 3429 2093 defenfio

1148 2127 1259 2206 est
1284 2184 1308 2218 ‚
1361 2123 1578 2234 quod
1629 2123 1923 2206 indocti
1970 2129 2051 2206 &
2089 2123 2389 2206 barbari
2447 2128 2529 2207 δε
2576 2124 2770 2206 servi
2813 2148 2961 2231 pro
2997 2122 3067 2205 se
3111 2148 3295 2206 cum
3328 2123 3433 2203 10-

1147 2260 1544 2355 quuntur÷,
1607 2236 1901 2344 aliquid
1943 2236 2201 2316 dicant
2241 2232 2524 2341 simile
2548 2240 2932 2343 principio
2980 2289 3005 2329 ,
3093 2258 3431 2337 narrent,

1145 2348 1531 2461 probentf,
1573 2348 1912 2432 r'efutent
1936 2404 1957 2434 ‚
2000 2353 2077 2430 ὅ(
2123 2344 2389 2456 (quod
2427 2340 2908 2429 vim‘habeat
2944 2346 3287 2458 epilogi)
3321 2347 3435 2428 de-

1140 2460 1579 2573 precentur.¹
1680 2459 1989 2543 Deinde
2043 2457 2408 2566 adjiciunt
2451 2458 2620 2540 illas
2675 2457 3098 2543 verborum
3152 2462 3435 2544 cavilla·

1144 2579 1399 2658 tiones
1433 2633 1458 2668 ,
1510 2575 1734 2656 Nihil
1769 2569 1987 2683 quod
2034 2599 2134 2652 ex
2174 2593 2336 2653 arte
2371 2567 2514 2654 fiat.
2551 2627 2576 2666 ‚
2639 2594 2819 2655 ante
2877 2595 3130 2654 artem
3198 2574 3433 2656 fuissez

1099 2694 1355 2798 atqui
1383 2683 1646 2769 dixisse
1692 2686 2053 2794 homines
2096 2689 2264 2794 pro‘
2290 2683 2409 2779 se,
2461 2688 2542 2768 &
2596 2687 2678 2784 in
2718 2684 2909 2792 alios
2941 2685 3433 2796 semper-:do-

1134 2799 1386 2882 stores
1436 2801 1615 2882 artis
1650 2853 1673 2889 ‚
1736 2796 1908 2878 sero
1944 2801 2103 2900 jam
2151 2804 2231 2879 &
2275 2803 2480 2879 ‘circa
2505 2797 2793 2879 Tisiam
2836 2800 2914 2880 &
2959 2802 3268 2881 Coraca
3296 2801 3436 2908 pri-

1027 2918 1041 2928 ’
1104 2905 1361 3014 smum
1401 2930 1777 3019 repertos.
1848 2911 2292 2990 orationem
2355 2912 2597 3018 igitur
2659 2934 2842 2992 ante
2873 2907 3150 3022 'artem
3213 2908 3438 3001 fuisse,

1131 3015 1403 3136 coque‘
1450 3048 1699 3138 artem
1745 3051 1910 3105 non
1965 3020 2133 3103 effe.
2245 3028 2414 3104 Nos
2459 3049 2702 3132 porro
2752 3021 3071 3136 quando
3115 3027 3439 3136 coepcrit

1100 3136 1356 3244 'hujus
1411 3139 1526 3217 rei
1570 3134 1920 3216 doctrina
1937 3191 1963 3228 ‚
1997 3161 2168 3217 -non
2200 3133 2638 3218 laboramus
2671 3170 2690 3217 :
2752 3163 3208 3248 quanquam
3246 3129 3443 3250 apu'd

1124 3254 1578 3334 Homerum
1612 3305 1638 3340 ‚
1701 3253 1784 3331 ὅ(
1826 3270 2398 3356 praeceptorem
2438 3250 2887 3330 Phoenicem
2936 3271 3107 3351 tum
3164 3248 3446 3359 agendi

1100 3361 1302 3444 ‘tum
1357 3365 1595 3444 etiam
1628 3359 2065 3468 loquendi,
2121 3367 2203 3443 ὅ(
2257 3371 2605 3443 oratores
2639 3362 2901 3472 plures
2937 3415 2961 3455 ‚
3009 3369 3089 3445 &
3159 3391 3450 3454 omne,

1122 3477 1210 3556 in
1265 3475 1546 3566 tribuS,
1587 3476 1964 3555 orationis
2000 3499 2243 3580 genus
2264 3529 2289 3564 ,
2321 3480 2401 3556 ὅ(
2449 3480 2877 3576 certamina
2909 3500 3237 3586 quoque
3277 3500 3452 3587 pro-

1118 3585 1366 3695 posita
1426 3585 1891 3693 eloquentiae
1930 3589 2139 3666 inter
2185 3589 2544 3691 juvenes,
2579 3591 3073 3672 invenimus:
3138 3594 3348 3699 quin
3380 3592 3450 3667 in

1119 3700 1473 3798 caelatura
1516 3699 1776 3807 clypei
1829 3697 2160 3780 Achillis
2205 3704 2290 3781 δε
2341 3697 2516 3780 lites
2554 3697 2732 3782 sunt
2777 3703 2860 3782 &
2903 3698 3244 3783 astures.
3364 3700 3454 3782 u-

1104 3807 1261 3896 ‚lud
1315 3810 1741 3894 admonere
1800 3808 1973 3891 latis
2019 3809 2135 3891 est
2165 3865 2192 3902 ‚
2241 3812 2509 3891 omnia
2559 3837 2737 3923 quae
2765 3838 2884 3896 ars
2943 3812 3452 3898 consumma-

1120 3924 1324 4004 verit
1357 3976 1383 4013 ,
1445 3921 1492 4004 a
1542 3947 1820 4006 natura
1868 3925 2084 4003 initia
2134 3920 2421 4004 duxisse
2457 3953 2483 4003 ε
2560 3948 2694 4008 aut
2751 3924 3075 4010 tollatur
3108 3928 3462 4011 medici-

1110 4051 1227 4146 ἠρ
1243 4090 1272 4131 ,
1332 4061 1505 4146 quae
1547 4065 1651 4147 ex
1716 4033 2257 4150 9bfie1173319115
2298 4033 2714 4148 salubrium
2769 4064 3007 4149 atque
3054 4041 3205 4124 his·
3271 4070 3458 4125 con-

2825 4191 2834 4198 ·
3167 4177 3462 4238 tratio-
