3557 5113
210 272 895 487 Delnstit.
927 270 2290 465 OratoriaJLibXH.
2502 308 2707 418 721
2737 405 2748 420 .

129 600 208 652 ac
240 570 739 681 philosophos
789 600 971 655 cum
1008 601 1096 655 ea
1134 572 1444 655 dicendi
1496 576 1780 657 viribus
1826 597 2140 658 tuentur
2176 633 2199 668 ,
2277 580 2394 658 uti
2458 585 2753 677 Carnu.

127 684 520 766 rhetorum
571 689 800 766 armis
836 741 859 777 ,
917 715 1081 768 non
1111 685 1274 767 suis,
1385 686 1599 768 Idem
1650 711 1912 770 tamen
1975 689 2396 771 confltetur

125 825 202 876 ea
240 801 395 898 jam
445 797 593 878 esse
636 828 676 879 a
709 798 1192 906 philosophia
1229 800 1595 905 petenda,
1641 802 2000 885 videlicet
2039 805 2216 911 quia
2240 830 2395 882 ma·

121 912 224 1016 gis
265 911 427 992 haec
467 910 585 990 illi
625 910 930 992 videtur
962 919 1042 992 in
1084 911 1537 1018 possessione
1576 942 2128 1002 earumrerum
2158 915 2392 995 fuiss'e'.

118 1026 317 1103 Hinc
376 1026 613 1103 etiam
665 1022 858 1106 illud
898 1025 1012 1104 est
1066 1023 1282 1133 quod
1334 1029 1614 1106 Cicero
1669 1026 2010 1133 pluribus
2051 1026 2264 1108 libris
2312 1033 2394 1107 ὅ(

120 1134 444 1240 epistolis
485 1135 797 1217 testatur
833 1191 857 1229 ,
923 1137 1230 1219 dicendi
1276 1137 1727 1219 facultatem
1796 1166 1895 1219 ex
1949 1143 2239 1219 intimis
2285 1138 2405 1246 sa-‚

116 1249 420 1351 pientiae
457 1247 796 1330 fontibus
834 1248 1076 1329 fluere
1121 1286 1146 1328 .·
1227 1247 1561 1360 ideoque
1620 1249 2064 1358 aliquandiu
2110 1273 2392 1356 praecez

107 1382 365 1463 ptores
403 1359 716 1441 eosdem
752 1361 966 1445 f'uisse
1009 1389 1328 1442 morum
1360 1383 1591 1471 atque
1631 1358 1964 1446 dicendi.
2031 1366 2391 1469 Qapro-

106 1492 273 1575 pter
309 1474 478 1553 haec
519 1473 964 1554 exhortatio
1003 1501 1178 1554 mea
1209 1502 1371 1554 non
1413 1503 1512 1554 eo
1544 1478 1885 1581 pertinet
1928 1529 1963 1567 2
1986 1568 1990 1572 .
2014 1497 2098 1554 ut
2139 1472 2288 1554 effe
2312 1501 2395 1554 o-

106 1606 447 1664 ratorem
481 1585 1036 1694 philosophum
1093 1585 1332 1672 velim
1373 1617 1390 1666 ε
1471 1585 1788 1696 quando
1831 1614 1994 1667 non
2029 1586 2175 1680 alia
2213 1588 2395 1666 vitae

105 1693 293 1777 sena
333 1698 643 1805 longius
694 1728 736 1780 a
782 1699 1135 1782 civilibus
1179 1699 1459 1781 officiis
1487 1757 1510 1785 ,
1557 1721 1789 1807 atque
1829 1699 1925 1779 ab
1962 1700 2186 1778 omni
2222 1725 2391 1778 mu-

102 1835 283 1891 nere
321 1813 657 1891 oratoris
700 1811 1023 1894 receffit.
1111 1818 1317 1892 Nam
1371 1814 1542 1921 quis
1576 1809 2227 1919 philosophorum
2261 1831 2399 1894 aut

98 1920 174 1999 in
215 1921 526 2024 judiciis
567 1924 920 2031 frequens
955 1981 978 2017 ,
1039 1949 1173 2007 aut
1212 1925 1457 2004 clarus
1509 1926 1588 2003 in
1629 1923 2133 2005 concionibus
2188 1922 2386 2006 fuit?

97 2036 286 2134 Quis
323 2033 662 2143 denique
705 2040 785 2113 in
822 2036 973 2141 ipsa
998 2092 1021 2126 ‚
1073 2063 1309 2144 quam
1333 2039 1675 2116 maxime
1710 2036 2063 2143 plerique
2100 2061 2384 2117 eorum

94 2144 498 2226 vitandam
573 2150 1028 2253 praecipiunt
1083 2202 1107 2237 ‚
1205 2146 1638 2252 reipublicae
1720 2145 2393 2231 administratione

92 2257 438 2362 versatus
496 2257 605 2339 est
641 2259 664 2339 ἓ
727 2262 969 2368 Atqui
1008 2286 1158 2366 ego
1187 2257 1406 2339 illum
1450 2258 2056 2368 quem-instituo,
2094 2266 2395 2341 Roma-

91 2360 283 2450 num
314 2369 716 2480 quendam
759 2372 999 2454 velim
1065 2369 1213 2452 esse
1254 2370 1677 2478 sapientem
1717 2426 1740 2457 ‚
1785 2379 1920 2480 qui
1956 2399 2119 2453 non
2155 2371 2398 2454 secre-

94 2484 179 2562 tis
209 2481 866 2592 disputationibus
898 2539 922 2578 ,
977 2484 1108 2567 sed
1152 2511 1412 2566 rerum
1437 2486 1999 2594 experimentis
2040 2506 2274 2592 atque
2298 2513 2389 2567 o-

90 2597 399 2699 peribus
459 2625 645 2680 vere
693 2595 1006 2680 civilem
1056 2600 1309 2681 virum
1362 2598 1741 2682 exhibeat.
1846 2595 1992 2678 Sed
2028 2600 2209 2706 quia
2262 2597 2398 2679 de-'

88 2705 273 2789 serta
333 2711 436 2790 ab
484 2712 572 2789 iis
631 2713 766 2819 qui
815 2708 891 2788 se
933 2707 1029 2790 ad
1069 2707 1605 2817 eloquentiam
1661 2710 2390 2807 contulerunt‚stu-

89 2817 208 2899 dia
253 2820 654 2933 sapientiae
682 2876 705 2912 ,
745 2848 925 2903 *non
964 2823 1122 2925 jam
1170 2826 1251 2902 in
1310 2822 1481 2903 actu
1525 2820 1660 2903 suo
1701 2844 1934 2932 atque
1967 2827 2047 2904 in
2087 2821 2232 2903 hac
2269 2824 2388 2904 fo·

83 2935 150 3009 ri
197 2932 379 3015 luce
417 2935 822 3017 versantur
850 2988 875 3025 ‚
947 2933 1074 3015 sed
1126 2935 1207 3015 in
1249 2937 1593 3040 porticus
1645 2940 1731 3016 ’δε
1784 2934 2179 3041 gymnasia
2217 2939 2397 3042 pri-‘

81 3069 302 3125 mum
333 3053 375 3134 ',
443 3074 647 3127 mox
692 3048 771 3125 in
824 3070 1252 3129 conventus
1292 3044 1726 3127 scholarum
1771 3046 2256 3137 recesserunt,
2299 3044 2384 3128 id

81 3158 308 3263 quod*
335 3159 457 3240 est
502 3162 798 3239 oratori
839 3157 1337 3237 necessarium
1379 3213 1403 3249 ‚
1474 3184 1619 3238 nec
1671 3185 1714 3236 a
1754 3154 2065 3238 dicendi
2110 3182 2394 3263 praece·

78 3272 437 3375 ptoribus
500 3268 877 3361 traditur,
954 3270 1172 3379 abiis
1214 3292 1476 3375 petere
1519 3272 1894 3349 nimirum
1928 3261 2221 3351 necesse
2258 3271 2389 3357 est.

76 3383 283 3486 apud
325 3412 537 3492 quos
577 3380 968 3463 remansit.w
1018 3380 1446 3464 Evolvendi
1495 3386 1801 3489 penitus
1830 3384 2183 3462 auctores
2252 3389 2388 3492 qui

81 3490 182 3570 de
214 3498 518 3577 virtute:
544 3498 1043 3602 praecipiunt,
1071 3519 1157 3575 ut
1176 3499 1503 3575 oratoris
1539 3498 1694 3576 vita
1727 3523 1910 3575 cum
1949 3495 2255 3575 scientia
2279 3496 2399 3585 di·¹

80 3604 447 3687 vinarum
487 3634 758 3688 rerum
798 3606 891 3687 fit
934 3608 1604 3716 humanarumque
1652 3608 2083 3709 conjune'ta.
2197 3612 2390 3707 Qae

79 3716 268 3823 ipsae
305 3744 604 3827 quanto
644 3723 973 3825 majores
1011 3749 1097 3801 ac
1139 3719 1621 3826 pulchriores
1667 3720 2149 3811 viderentur,
2192 3719 2247 3799 si
2303 3719 2391 3799 il-

75 3828 190 3910 las
229 3834 288 3910 ii
331 3831 711 3913 docerent
749 3886 773 3923 ,
803 3848 808 3859 '
838 3836 973 3941 qui
1009 3836 1246 3914 etiam
1296 3831 1559 3941 eloqui
1583 3831 2186 3943 praestaritiffime
2221 3831 2395 3939 pos-

75 3943 248 4029 (ent
292 3942 321 4027 ἓ
393 3949 861 4056 Utinamque
902 3944 994 4028 fit
1024 3969 1330 4052 tempus
1357 3937 1704 4054 unquam
1743 4005 1764 4034 ‚
1807 3973 1972 4059 quo
2013 3945 2393 4133 perffstus

1137 4061 1438 4141 Xxxx
1499 4082 1533 4156 3
1629 4126 1646 4138 .
2115 4083 2156 4135 a
2196 4055 2407 4163 ‘quia
