3557 5113
877 285 1082 438 '336
1322 280 1503 391 M*
1615 279 2047 388 Fiam
2193 277 3269 421 Qtncrttttm

1200 594 1525 683 propter
1562 566 1715 649 hoc
1769 584 2073 647 certum
2129 561 2240 643 est
2275 620 2298 649 ,
2362 560 2576 673 quod
2627 567 2710 646 in
2755 562 3046 646 nullum
3087 568 3216 668 jam
3244 590 3366 671 pro-

1200 690 1468 794 prium
1520 680 1743 762 usum
1775 676 2352 786 perseveramus
2386 733 2410 767 ‚
2478 674 2607 756 std
2665 681 2915 759 omnis
2956 679 3105 758 haec
3135 700 3278 757 cura
3302 674 3366 756 ad

1205 798 1539 885 alienos,
1593 816 1680 874 ut
1728 793 1997 873 alienis
2036 790 2246 903 utilis
2286 786 2396 885 (fi
2445 787 2693 871 modo
2747 787 2932 900 quid
2983 790 3150 869 utile
3188 787 3367 867 scribi-

1200 912 1428 1006 mus)
1469 905 1768 1013 spectat.
1862 909 2034 984 Nos
2089 888 2349 983 miseri
2408 955 2433 993 ‚
2531 898 2721 984 ficut
2779 899 3142 983 facultates
3204 902 3365 1007 patri·

1200 1021 1453 1101 monii
1494 1018 1734 1097 nostri
1763 1071 1792 1108 ,
1851 1018 1959 1095 ita
2005 1015 2160 1097 hoc
2194 1041 2387 1123 opus
2430 1012 2595 1095 aliis
2650 1010 3366 1123 praeparabamus‚afii=

1194 1132 1745 1241 relinquemus,
2176 1184 2207 1227 ‚

841 1361 1033 1449 Car.
1068 1362 1122 1442 1.
1420 1353 2024 1436 PERORATIO
2066 1345 2517 1460 sequebatur
2537 1405 2562 1441 2
2600 1375 2842 1459 quam
2890 1346 3235 1431 cumulum
3254 1347 3364 1452 qui-

1059 1498 1074 1513 ·
1195 1465 1407 1557 dam,
1428 1461 2012 1546 conclusionem
2044 1464 2175 1545 alii
2214 1485 2514 1545 vocant.
2580 1466 2755 1566 Ejus
2792 1461 3062 1570 duplex
3099 1460 3255 1538 ratio
3273 1453 3361 1541 est,

1195 1577 1446 1686 pofita
1497 1597 1624 1657 aut
1677 1579 1760 1654 in
1804 1576 2026 1656 rebus
2060 1629 2084 1667 ,
2136 1596 2265 1655 aut
2299 1577 2383 1653 in
2423 1572 2836 1656 affectibus.
2927 1580 3189 1653 Rerum
3215 1591 3363 1672 repe-

1200 1694 1377 1771 titio
1418 1693 1498 1769 &
1534 1691 2036 1793 congregatio
2054 1744 2078 1772 ,
2118 1712 2289 1795 quae
2331 1691 2599 1767 Graece
2636 1685 2917 1768 dicitur
2958 1674 3361 1778 ἅνωφαλαὶθ·

1197 1833 1303 1888 εις
1338 1855 1361 1891 ,
1407 1828 1452 1880 a
1502 1796 1957 1907 quibusdam
2016 1799 2487 1880 Latinorum
2545 1803 3019 1880 enumeratio
3052 1853 3075 1881 ‚
3151 1797 3213 1873 &
3250 1813 3362 1868 me·

1195 1914 1538 1999 moriam
1580 1908 1846 2009 judicis
1896 1911 2188 2003 reficit,
2241 1915 2321 1989 &
2368 1930 2615 1989 totam
2655 1910 2884 1992 simul
2922 1905 3184 2003 causam
3212 1899 3361 2007 ponit

1197 2043 1375 2102 ante
1417 2020 1689 2101 oculos
1722 2076 1746 2113 ,
1818 2027 1899 2102 ὅς
1957 2019 2254 2103 etiamst
2287 2049 2426 2127 per
2474 2018 2770 2128 fingula
2812 2025 3053 2103 minus
3083 2028 3360 2095 moverat,

1199 2133 1421 2214 turba
1456 2132 1683 2215 valet.
1782 2138 1867 2214 In
1897 2135 2041 2215 hac
2062 2190 2085 2219 ,
2120 2159 2290 2241 quae
2335 2154 2776 2237 repetemus
2806 2190 2830 2227 ,
2863 2159 3085 2242 quam
3120 2114 3359 2206 breviffi-

1198 2272 1332 2326 me
1376 2242 1700 2326 dicenda
1747 2246 1916 2326 sunt
1953 2302 1978 2337 ‚
2041 2253 2121 2328 &
2160 2244 2375 2353 quod
2406 2251 2681 2326 Graeco
2736 2246 2970 2330 verbo
3006 2261 3234 2350 patet,
3274 2229 3361 2308 de-

1204 2354 1676 2438 currendum
1712 2384 1858 2464 per
1890 2364 2157 2462 capita.
2226 2363 2434 2435 Nam
2472 2356 2531 2435 st
2569 2359 3072 2446 morabimur,
3104 2376 3233 2429 non
3256 2348 3360 2446 jam
3428 2428 3429 2435 ,

1199 2473 1731 2559 enumeratio,
1803 2467 1932 2548 sed
1968 2466 2205 2548 altera
2249 2465 2457 2578 quasi
2497 2468 2633 2549 fiet
2679 2474 2949 2550 oratio.
3091 2467 3242 2565 Qae
3278 2479 3363 2531 au·
3428 2496 3429 2509 Ν

1197 2602 1364 2659 tem
1420 2578 1941 2664 enumeranda
1994 2579 2404 2670 videntur,
2449 2607 2633 2660 cum
2672 2580 3014 2690 pondere
3049 2577 3258 2680 aliquo
3285 2562 3364 2641 di·

1194 2688 1438 2770 cenda
1489 2689 1838 2787 sunt‚*&
1881 2695 2075 2798 aptis
2124 2689 2526 2772 excitanda
2581 2692 3010 2776 sententiis,
3063 2692 3130 2768 &
3177 2678 3364 2787 figuris

1191 2805 1456 2910 utique
1513 2802 1923 2884 varianda:
1979 2802 2273 2908 alioqui
2314 2803 2510 2882 nihil
2551 2803 2661 2884 est
2719 2803 3044 2884 odiofius
3091 2795 3251 2877 recta
3277 2785 3363 2866 illa

1188 2916 1650 3018 repetitione
1672 2969 1693 2998 ‚
1735 2913 1951 2994 velut
1987 2916 2393 2993 memoria:
2422 2913 2773 3016 judicum
2801 2913 3203 2996 diffidentis.
3237 2908 3364 2981 Sunt

1189 3047 1454 3103 autem
1493 3024 2087 3104 innumerabiles
2128 3053 2143 3098 :
2187 3027 2646 3134 optimeque
2684 3033 2769 3108 in
2801 3033 3117 3107 Verrem
3148 3020 3364 3099 Cicer05
3426 3013 3427 3094 l

1189 3145 1266 3218 St·
1289 3161 1505 3249 pater
1568 3137 1705 3243 ipse?
1733 3136 2095 3244 judicaret
2137 3189 2162 3226 ‚
2232 3164 2378 3247 quae
2434 3138 2696 3220 diceret
2737 3170 2896 3222 cum
2933 3137 3061 3218 baec
3076 3123 3362 3245 pr'obmn·

1186 3272 1310 3328 tur
1354 3257 1391 3327 ἓ
1454 3255 1535 3329 ὅτ.
1570 3244 1850 3327 deinde
1894 3247 2206 3349 subjecit
2266 3254 2954 3332 enumerationem.
3060 3250 3202 3324 Aut
3247 3257 3369 3316 cum

1183 3357 1396 3440 idem
1439 3361 1521 3437 in
1559 3358 1897 3437 eundem
1927 3414 1951 3450 ,
2004 3386 2144 3464 per
2197 3363 2779 3443 invocationem
2838 3361 3144 3443 deorum
3174 3345 3368 3458 spoli-⁴«-

1193 3490 1270 3547 ta
1329 3498 1375 3548 a
1423 3488 1752 3575 praetore
1815 3470 2108 3577 templa
2142 3467 2602 3553 dinumerat.
2714 3477 2939 3555 Licet
2993 3478 3065 3550 δε
3103 3464 3370 3544 dubitare

1192 3577 1577 3687 numquid
1629 3606 1771 3659 nos
1823 3581 2102 3688 fugerit
2124 3636 2149 3674 ‚
2197 3586 2279 3663 δε
2321 3583 2510 3690 quid
2544 3583 2968 3690 responsuri
3016 3580 3145 3660 fint
3176 3570 3372 3655 adver·

1183 3689 1360 3770 sarii
1405 3693 1522 3774 his
1560 3694 1640 3772 &
1679 3690 1796 3772 his
1831 3724 1854 3787 3
1924 3717 2053 3775 aut
2086 3720 2324 3802 quam
2374 3694 2589 3802 spem
2645 3699 3026 3778 accusator
3059 3688 3293 3770 habeat
3321 3703 3372 3754 ὓ

1187 3803 1497 3883 mnibus
1550 3805 1656 3881 ita
1702 3802 2046 3887 defensis,
2138 3805 2273 3886 Illa
2313 3833 2504 3887 vero
2561 3806 3115 3910 jucundiffirna‚
3151 3795 3201 3879 sl
3242 3816 3376 3873 0⁰¹¹·
3422 3893 3423 3898 Ν

1187 3917 1436 4020 tingat
1495 3913 1814 4022 aliquod
1884 3944 1983 3996 ex
2056 3916 2490 4000 adversario
2531 3917 2813 4001 ducere
2871 3926 3371 4026 argumentum:

1085 4104 1092 4112 .
1186 4047 1275 4109 ω
1321 4025 1388 4108 Π
1437 4025 1693 4117 dicas,·
1738 4033 2062 4142 Reliquit
2100 4060 2268 4114 ‘vero
2305 4029 2492 4110 hanc
2515 4056 2803 4142 partem
2841 4033 3058 4144 cause.
3116 4027 3372 4203 aurii?-

3209 4156 3251 4208 ν
3311 4143 3370 4200 ta
3422 4167 3423 4180 ι
