<?xml version="1.0" encoding="UTF-8"?>
<!DOCTYPE html PUBLIC "-//W3C//DTD XHTML 1.0 Transitional//EN"
    "http://www.w3.org/TR/xhtml1/DTD/xhtml1-transitional.dtd">
<html xmlns="http://www.w3.org/1999/xhtml" xml:lang="en" lang="en">
 <head>
  <title>
</title>
<meta http-equiv="Content-Type" content="text/html;charset=utf-8" />
  <meta name='ocr-system' content='tesseract 3.04.00' />
  <meta name='ocr-capabilities' content='ocr_page ocr_carea ocr_par ocr_line ocrx_word'/>
</head>
<body>
  <div class='ocr_page' id='page_1' title='image "./deinstitutioneo00obregoog_0425.png"; bbox 0 0 3557 5113; ppageno 0'>
   <div class='ocr_carea' id='block_1_1' title="bbox 234 272 2735 483">
    <p class='ocr_par' dir='ltr' id='par_1_1' title="bbox 234 272 2735 483">
     <span class='ocr_line' id='line_1_1' title="bbox 234 272 2735 483; baseline -0.018 -31"><span class='ocrx_word' id='word_1_1' title='bbox 234 284 450 451; x_wconf 79' lang='lat' dir='ltr'>De</span> <span class='ocrx_word' id='word_1_2' title='bbox 499 272 947 483; x_wconf 74' lang='lat' dir='ltr'>Instit.</span> <span class='ocrx_word' id='word_1_3' title='bbox 1007 277 1715 451; x_wconf 77' lang='lat' dir='ltr'>Oratorict‚</span> <span class='ocrx_word' id='word_1_4' title='bbox 1764 273 2061 436; x_wconf 85' lang='lat' dir='ltr'><strong>Lib.</strong></span> <span class='ocrx_word' id='word_1_5' title='bbox 2121 278 2310 438; x_wconf 87' lang='lat' dir='ltr'>V.</span> <span class='ocrx_word' id='word_1_6' title='bbox 2534 290 2735 408; x_wconf 86' lang='lat'>281</span> 
     </span>
    </p>
   </div>
   <div class='ocr_carea' id='block_1_2' title="bbox 153 607 2799 4055">
    <p class='ocr_par' dir='ltr' id='par_1_2' title="bbox 153 607 2799 4055">
     <span class='ocr_line' id='line_1_2' title="bbox 167 607 2799 721; baseline 0.007 -31"><span class='ocrx_word' id='word_1_7' title='bbox 167 614 372 690; x_wconf 82' lang='lat' dir='ltr'>traxit.</span> <span class='ocrx_word' id='word_1_8' title='bbox 467 612 882 690; x_wconf 82' lang='lat' dir='ltr'>Ducuntur</span> <span class='ocrx_word' id='word_1_9' title='bbox 937 626 1391 714; x_wconf 86' lang='lat' dir='ltr'>argumenta</span> <span class='ocrx_word' id='word_1_10' title='bbox 1438 610 1516 686; x_wconf 71' lang='grc' dir='ltr'>ὅ(</span> <span class='ocrx_word' id='word_1_11' title='bbox 1560 631 1655 685; x_wconf 85' lang='lat' dir='ltr'>ex</span> <span class='ocrx_word' id='word_1_12' title='bbox 1698 608 1902 691; x_wconf 92' lang='lat' dir='ltr'>loco.</span> <span class='ocrx_word' id='word_1_13' title='bbox 2029 607 2633 721; x_wconf 56' lang='lat' dir='ltr'>spectatura».</span> <span class='ocrx_word' id='word_1_14' title='bbox 2680 624 2799 711; x_wconf 59' lang='lat' dir='ltr'>Xa</span> 
     </span>
     <span class='ocr_line' id='line_1_3' title="bbox 164 719 2424 832; baseline 0.002 -31"><span class='ocrx_word' id='word_1_15' title='bbox 164 728 338 801; x_wconf 87' lang='lat' dir='ltr'>enim</span> <span class='ocrx_word' id='word_1_16' title='bbox 380 719 474 800; x_wconf 89' lang='lat' dir='ltr'>ad</span> <span class='ocrx_word' id='word_1_17' title='bbox 549 719 791 800; x_wconf 80' lang='lat' dir='ltr'>fidem</span> <span class='ocrx_word' id='word_1_18' title='bbox 858 719 1336 825; x_wconf 82' lang='lat' dir='ltr'>probationis</span> <span class='ocrx_word' id='word_1_19' title='bbox 1373 774 1394 801; x_wconf 83' lang='lat'>,</span> <span class='ocrx_word' id='word_1_20' title='bbox 1473 744 1893 802; x_wconf 85' lang='lat' dir='ltr'>montanus</span> <span class='ocrx_word' id='word_1_21' title='bbox 1963 751 2063 803; x_wconf 90' lang='lat' dir='ltr'>an</span> <span class='ocrx_word' id='word_1_22' title='bbox 2113 724 2424 832; x_wconf 74' lang='lat' dir='ltr'>planus»,</span> 
     </span>
     <span class='ocr_line' id='line_1_4' title="bbox 166 830 2415 928; baseline 0.001 -16"><span class='ocrx_word' id='word_1_23' title='bbox 166 838 552 913; x_wconf 85' lang='lat' dir='ltr'>maritimus</span> <span class='ocrx_word' id='word_1_24' title='bbox 604 858 702 909; x_wconf 86' lang='lat' dir='ltr'>an</span> <span class='ocrx_word' id='word_1_25' title='bbox 761 830 1403 913; x_wconf 79' lang='lat' dir='ltr'>mediterraneus,</span> <span class='ocrx_word' id='word_1_26' title='bbox 1480 831 1815 912; x_wconf 83' lang='lat' dir='ltr'>confitus</span> <span class='ocrx_word' id='word_1_27' title='bbox 1876 861 1976 914; x_wconf 86' lang='lat' dir='ltr'>an</span> <span class='ocrx_word' id='word_1_28' title='bbox 2040 836 2415 928; x_wconf 75' lang='lat' dir='ltr'>incultuS,</span> 
     </span>
     <span class='ocr_line' id='line_1_5' title="bbox 165 939 2415 1054; baseline 0 -30"><span class='ocrx_word' id='word_1_29' title='bbox 165 946 482 1052; x_wconf 83' lang='lat' dir='ltr'>frequens</span> <span class='ocrx_word' id='word_1_30' title='bbox 537 971 636 1021; x_wconf 83' lang='lat' dir='ltr'>an</span> <span class='ocrx_word' id='word_1_31' title='bbox 702 939 1082 1032; x_wconf 87' lang='lat' dir='ltr'>desertus,</span> <span class='ocrx_word' id='word_1_32' title='bbox 1142 946 1620 1047; x_wconf 88' lang='lat' dir='ltr'>propinquus</span> <span class='ocrx_word' id='word_1_33' title='bbox 1674 972 1771 1024; x_wconf 87' lang='lat' dir='ltr'>an</span> <span class='ocrx_word' id='word_1_34' title='bbox 1835 969 2222 1037; x_wconf 77' lang='lat' dir='ltr'>remotuS,</span> <span class='ocrx_word' id='word_1_35' title='bbox 2280 974 2415 1054; x_wconf 79' lang='lat' dir='ltr'>op·-</span> 
     </span>
     <span class='ocr_line' id='line_1_6' title="bbox 167 1051 2411 1162; baseline 0.001 -27"><span class='ocrx_word' id='word_1_36' title='bbox 167 1081 495 1162; x_wconf 84' lang='lat' dir='ltr'>portunus</span> <span class='ocrx_word' id='word_1_37' title='bbox 549 1052 878 1132; x_wconf 83' lang='lat' dir='ltr'>consiliis</span> <span class='ocrx_word' id='word_1_38' title='bbox 935 1081 1033 1132; x_wconf 85' lang='lat' dir='ltr'>an</span> <span class='ocrx_word' id='word_1_39' title='bbox 1100 1051 1472 1136; x_wconf 85' lang='lat' dir='ltr'>adversus.</span> <span class='ocrx_word' id='word_1_40' title='bbox 1553 1082 1793 1161; x_wconf 85' lang='lat' dir='ltr'>quam</span> <span class='ocrx_word' id='word_1_41' title='bbox 1841 1081 2147 1162; x_wconf 88' lang='lat' dir='ltr'>partem</span> <span class='ocrx_word' id='word_1_42' title='bbox 2212 1059 2411 1139; x_wconf 88' lang='lat' dir='ltr'>vide·</span> 
     </span>
     <span class='ocr_line' id='line_1_7' title="bbox 169 1163 2406 1270; baseline 0.001 -23"><span class='ocrx_word' id='word_1_43' title='bbox 169 1196 302 1247; x_wconf 85' lang='lat' dir='ltr'>mus</span> <span class='ocrx_word' id='word_1_44' title='bbox 335 1163 993 1247; x_wconf 85' lang='lat' dir='ltr'>vehementiffime</span> <span class='ocrx_word' id='word_1_45' title='bbox 1035 1193 1180 1270; x_wconf 90' lang='lat' dir='ltr'>pro</span> <span class='ocrx_word' id='word_1_46' title='bbox 1221 1165 1518 1245; x_wconf 78' lang='lat' dir='ltr'>Milone</span> <span class='ocrx_word' id='word_1_47' title='bbox 1549 1167 1884 1246; x_wconf 72' lang='lat' dir='ltr'>trastasse</span> <span class='ocrx_word' id='word_1_48' title='bbox 1922 1173 2406 1250; x_wconf 82' lang='lat' dir='ltr'><strong>Ciceronem.</strong></span> 
     </span>
     <span class='ocr_line' id='line_1_8' title="bbox 168 1272 2407 1387; baseline 0 -29"><span class='ocrx_word' id='word_1_49' title='bbox 168 1284 240 1358; x_wconf 79' lang='grc' dir='ltr'>Ετ</span> <span class='ocrx_word' id='word_1_50' title='bbox 265 1280 407 1358; x_wconf 81' lang='lat' dir='ltr'>haec</span> <span class='ocrx_word' id='word_1_51' title='bbox 462 1272 779 1383; x_wconf 86' lang='lat' dir='ltr'>quidem</span> <span class='ocrx_word' id='word_1_52' title='bbox 827 1304 913 1354; x_wconf 86' lang='lat' dir='ltr'>ac</span> <span class='ocrx_word' id='word_1_53' title='bbox 957 1273 1228 1355; x_wconf 70' lang='lat' dir='ltr'>similia</span> <span class='ocrx_word' id='word_1_54' title='bbox 1272 1274 1369 1355; x_wconf 90' lang='lat' dir='ltr'>ad</span> <span class='ocrx_word' id='word_1_55' title='bbox 1420 1278 1945 1375; x_wconf 69' lang='lat' dir='ltr'>comesturam</span> <span class='ocrx_word' id='word_1_56' title='bbox 1989 1280 2407 1387; x_wconf 76' lang='lat' dir='ltr'>frequenti-</span> 
     </span>
     <span class='ocr_line' id='line_1_9' title="bbox 167 1384 2407 1497; baseline 0.001 -27"><span class='ocrx_word' id='word_1_57' title='bbox 167 1418 248 1470; x_wconf 81' lang='lat' dir='ltr'>us.</span> <span class='ocrx_word' id='word_1_58' title='bbox 273 1391 684 1496; x_wconf 84' lang='lat' dir='ltr'>pertinent:</span> <span class='ocrx_word' id='word_1_59' title='bbox 767 1384 895 1465; x_wconf 88' lang='lat' dir='ltr'>sed</span> <span class='ocrx_word' id='word_1_60' title='bbox 943 1390 1261 1466; x_wconf 85' lang='lat' dir='ltr'>interim</span> <span class='ocrx_word' id='word_1_61' title='bbox 1314 1384 1413 1466; x_wconf 87' lang='lat' dir='ltr'>ad</span> <span class='ocrx_word' id='word_1_62' title='bbox 1458 1389 1573 1487; x_wconf 81' lang='lat' dir='ltr'>jus</span> <span class='ocrx_word' id='word_1_63' title='bbox 1632 1415 1947 1496; x_wconf 91' lang='lat' dir='ltr'>quoque</span> <span class='ocrx_word' id='word_1_64' title='bbox 1977 1441 2000 1478; x_wconf 84' lang='lat'>‚</span> <span class='ocrx_word' id='word_1_65' title='bbox 2066 1413 2407 1497; x_wconf 78' lang='lat' dir='ltr'>prvatus</span> 
     </span>
     <span class='ocr_line' id='line_1_10' title="bbox 169 1496 2409 1607; baseline 0 -26"><span class='ocrx_word' id='word_1_66' title='bbox 169 1528 242 1580; x_wconf 84' lang='lat' dir='ltr'>an</span> <span class='ocrx_word' id='word_1_67' title='bbox 276 1501 607 1607; x_wconf 84' lang='lat' dir='ltr'>publicus</span> <span class='ocrx_word' id='word_1_68' title='bbox 636 1554 658 1589; x_wconf 94' lang='lat'>‚</span> <span class='ocrx_word' id='word_1_69' title='bbox 724 1496 926 1577; x_wconf 87' lang='lat' dir='ltr'>sacer</span> <span class='ocrx_word' id='word_1_70' title='bbox 984 1527 1081 1578; x_wconf 84' lang='lat' dir='ltr'>an</span> <span class='ocrx_word' id='word_1_71' title='bbox 1137 1500 1562 1604; x_wconf 61' lang='lat' dir='ltr'>profanus5</span> <span class='ocrx_word' id='word_1_72' title='bbox 1606 1501 1866 1581; x_wconf 84' lang='lat' dir='ltr'>noster</span> <span class='ocrx_word' id='word_1_73' title='bbox 1910 1527 2007 1579; x_wconf 85' lang='lat' dir='ltr'>an</span> <span class='ocrx_word' id='word_1_74' title='bbox 2076 1502 2409 1581; x_wconf 71' lang='lat' dir='ltr'>alienust</span> 
     </span>
     <span class='ocr_line' id='line_1_11' title="bbox 168 1609 2414 1719; baseline 0.001 -28"><span class='ocrx_word' id='word_1_75' title='bbox 168 1638 234 1691; x_wconf 85' lang='lat' dir='ltr'>nt</span> <span class='ocrx_word' id='word_1_76' title='bbox 269 1618 339 1692; x_wconf 88' lang='lat' dir='ltr'>in</span> <span class='ocrx_word' id='word_1_77' title='bbox 379 1610 734 1719; x_wconf 79' lang='lat' dir='ltr'>persona,</span> <span class='ocrx_word' id='word_1_78' title='bbox 787 1609 1310 1714; x_wconf 87' lang='lat' dir='ltr'>magistratus,</span> <span class='ocrx_word' id='word_1_79' title='bbox 1369 1631 1630 1715; x_wconf 85' lang='lat' dir='ltr'>pater,</span> <span class='ocrx_word' id='word_1_80' title='bbox 1674 1615 2141 1716; x_wconf 86' lang='lat' dir='ltr'>peregrinus.</span> <span class='ocrx_word' id='word_1_81' title='bbox 2207 1618 2414 1694; x_wconf 83' lang='lat' dir='ltr'>Hine</span> 
     </span>
     <span class='ocr_line' id='line_1_12' title="bbox 165 1722 2414 1833; baseline 0 -29"><span class='ocrx_word' id='word_1_82' title='bbox 165 1732 341 1804; x_wconf 81' lang='lat' dir='ltr'>enim</span> <span class='ocrx_word' id='word_1_83' title='bbox 377 1722 827 1832; x_wconf 83' lang='lat' dir='ltr'>quaestiones</span> <span class='ocrx_word' id='word_1_84' title='bbox 883 1726 1281 1800; x_wconf 86' lang='lat' dir='ltr'>oriuntur:</span> <span class='ocrx_word' id='word_1_85' title='bbox 1378 1727 1756 1801; x_wconf 66' lang='lat' dir='ltr'>Privatam</span> <span class='ocrx_word' id='word_1_86' title='bbox 1782 1730 2170 1833; x_wconf 75' lang='lat' dir='ltr'>pecuniam</span> <span class='ocrx_word' id='word_1_87' title='bbox 2184 1725 2414 1829; x_wconf 72' lang='lat' dir='ltr'>stastu-</span> 
     </span>
     <span class='ocr_line' id='line_1_13' title="bbox 166 1834 2411 1943; baseline 0 -28"><span class='ocrx_word' id='word_1_88' title='bbox 166 1840 215 1915; x_wconf 67' lang='lat' dir='ltr'>li</span> <span class='ocrx_word' id='word_1_89' title='bbox 251 1844 317 1914; x_wconf 82' lang='lat' dir='ltr'>i.-</span> <span class='ocrx_word' id='word_1_90' title='bbox 391 1865 642 1916; x_wconf 70' lang='lat' dir='ltr'>verum</span> <span class='ocrx_word' id='word_1_91' title='bbox 672 1841 850 1943; x_wconf 84' lang='lat' dir='ltr'>quia</span> <span class='ocrx_word' id='word_1_92' title='bbox 892 1834 980 1912; x_wconf 84' lang='lat' dir='ltr'>de</span> <span class='ocrx_word' id='word_1_93' title='bbox 1041 1837 1292 1943; x_wconf 83' lang='lat' dir='ltr'>templo</span> <span class='ocrx_word' id='word_1_94' title='bbox 1315 1889 1337 1922; x_wconf 88' lang='lat'>‚</span> <span class='ocrx_word' id='word_1_95' title='bbox 1400 1863 1540 1912; x_wconf 81' lang='lat' dir='ltr'>non</span> <span class='ocrx_word' id='word_1_96' title='bbox 1563 1836 1862 1939; x_wconf 73' lang='lat' dir='ltr'>fitrtum</span> <span class='ocrx_word' id='word_1_97' title='bbox 1875 1890 1896 1918; x_wconf 87' lang='lat'><em>,</em></span> <span class='ocrx_word' id='word_1_98' title='bbox 1950 1835 2097 1938; x_wconf 80' lang='lat' dir='ltr'>fid</span> <span class='ocrx_word' id='word_1_99' title='bbox 2114 1838 2411 1941; x_wconf 74' lang='lat' dir='ltr'>sterile-</span> 
     </span>
     <span class='ocr_line' id='line_1_14' title="bbox 153 1944 2425 2055; baseline -0 -28"><span class='ocrx_word' id='word_1_100' title='bbox 153 1956 331 2055; x_wconf 76' lang='lat' dir='ltr'>gium</span> <span class='ocrx_word' id='word_1_101' title='bbox 372 1950 472 2053; x_wconf 70' lang='lat' dir='ltr'>gffi</span> <span class='ocrx_word' id='word_1_102' title='bbox 582 1944 904 2046; x_wconf 74' lang='lat' dir='ltr'>Occidisti</span> <span class='ocrx_word' id='word_1_103' title='bbox 938 1945 1344 2024; x_wconf 78' lang='lat' dir='ltr'>adulterum</span> <span class='ocrx_word' id='word_1_104' title='bbox 1363 1999 1385 2033; x_wconf 91' lang='lat'>,</span> <span class='ocrx_word' id='word_1_105' title='bbox 1438 1945 1635 2054; x_wconf 81' lang='lat' dir='ltr'>quod</span> <span class='ocrx_word' id='word_1_106' title='bbox 1684 1948 1808 2025; x_wconf 82' lang='lat' dir='ltr'>lex</span> <span class='ocrx_word' id='word_1_107' title='bbox 1848 1954 2213 2055; x_wconf 81' lang='lat' dir='ltr'>permittit</span> <span class='ocrx_word' id='word_1_108' title='bbox 2228 1980 2254 2022; x_wconf 92' lang='lat'>.·</span> <span class='ocrx_word' id='word_1_109' title='bbox 2278 1947 2425 2052; x_wconf 85' lang='lat' dir='ltr'>sed</span> 
     </span>
     <span class='ocr_line' id='line_1_15' title="bbox 164 2054 2414 2169; baseline 0 -31"><span class='ocrx_word' id='word_1_110' title='bbox 164 2068 312 2169; x_wconf 72' lang='lat' dir='ltr'>qnia</span> <span class='ocrx_word' id='word_1_111' title='bbox 337 2064 418 2138; x_wconf 79' lang='lat' dir='ltr'>in</span> <span class='ocrx_word' id='word_1_112' title='bbox 459 2061 796 2168; x_wconf 71' lang='lat' dir='ltr'>lupanari</span> <span class='ocrx_word' id='word_1_113' title='bbox 814 2113 836 2145; x_wconf 90' lang='lat'>‚</span> <span class='ocrx_word' id='word_1_114' title='bbox 886 2054 1092 2136; x_wconf 71' lang='lat' dir='ltr'>cedes</span> <span class='ocrx_word' id='word_1_115' title='bbox 1142 2058 1244 2159; x_wconf 83' lang='lat' dir='ltr'>est.</span> <span class='ocrx_word' id='word_1_116' title='bbox 1360 2063 1709 2164; x_wconf 76' lang='lat' dir='ltr'>Injuriam</span> <span class='ocrx_word' id='word_1_117' title='bbox 1735 2058 1974 2162; x_wconf 63' lang='grc' dir='ltr'>ῥιψὶ</span> <span class='ocrx_word' id='word_1_118' title='bbox 1990 2111 2013 2139; x_wconf 84' lang='lat'><em>,</em></span> <span class='ocrx_word' id='word_1_119' title='bbox 2051 2058 2199 2163; x_wconf 79' lang='lat' dir='ltr'>fid</span> <span class='ocrx_word' id='word_1_120' title='bbox 2236 2066 2414 2169; x_wconf 64' lang='lat' dir='ltr'>quia</span> 
     </span>
     <span class='ocr_line' id='line_1_16' title="bbox 158 2167 2412 2280; baseline 0.002 -31"><span class='ocrx_word' id='word_1_121' title='bbox 158 2173 568 2280; x_wconf 69' lang='lat' dir='ltr'>mgssratui</span> <span class='ocrx_word' id='word_1_122' title='bbox 583 2225 604 2253; x_wconf 89' lang='lat'><em>,</em></span> <span class='ocrx_word' id='word_1_123' title='bbox 661 2169 1031 2275; x_wconf 53' lang='lat' dir='ltr'>majestat&amp;</span> <span class='ocrx_word' id='word_1_124' title='bbox 1083 2172 1270 2246; x_wconf 61' lang='lat' dir='ltr'>aetio</span> <span class='ocrx_word' id='word_1_125' title='bbox 1313 2167 1417 2271; x_wconf 87' lang='lat' dir='ltr'>est.</span> <span class='ocrx_word' id='word_1_126' title='bbox 1535 2167 1684 2248; x_wconf 88' lang='lat' dir='ltr'>Vel</span> <span class='ocrx_word' id='word_1_127' title='bbox 1711 2190 2021 2248; x_wconf 86' lang='lat' dir='ltr'>contra:</span> <span class='ocrx_word' id='word_1_128' title='bbox 2132 2176 2374 2249; x_wconf 82' lang='lat' dir='ltr'><em>Licuit</em></span> <span class='ocrx_word' id='word_1_129' title='bbox 2388 2224 2412 2253; x_wconf 79' lang='grc'><strong>.</strong></span> 
     </span>
     <span class='ocr_line' id='line_1_17' title="bbox 160 2278 2417 2393; baseline -0.002 -31"><span class='ocrx_word' id='word_1_130' title='bbox 160 2292 309 2393; x_wconf 68' lang='lat' dir='ltr'>qaia</span> <span class='ocrx_word' id='word_1_131' title='bbox 338 2309 554 2393; x_wconf 78' lang='lat' dir='ltr'>pater</span> <span class='ocrx_word' id='word_1_132' title='bbox 614 2311 811 2362; x_wconf 75' lang='lat' dir='ltr'>eram</span> <span class='ocrx_word' id='word_1_133' title='bbox 825 2336 851 2364; x_wconf 28' lang='lat' dir='ltr'>f,</span> <span class='ocrx_word' id='word_1_134' title='bbox 916 2288 1093 2390; x_wconf 73' lang='lat' dir='ltr'>qnia</span> <span class='ocrx_word' id='word_1_135' title='bbox 1155 2278 1617 2386; x_wconf 71' lang='lat' dir='ltr'>magistratus.</span> <span class='ocrx_word' id='word_1_136' title='bbox 1795 2278 1943 2360; x_wconf 86' lang='lat' dir='ltr'>Sed</span> <span class='ocrx_word' id='word_1_137' title='bbox 1988 2280 2191 2358; x_wconf 85' lang='lat' dir='ltr'>circa</span> <span class='ocrx_word' id='word_1_138' title='bbox 2237 2280 2417 2359; x_wconf 68' lang='lat' dir='ltr'>faeti</span> 
     </span>
     <span class='ocr_line' id='line_1_18' title="bbox 159 2389 2416 2497; baseline -0.001 -24"><span class='ocrx_word' id='word_1_139' title='bbox 159 2391 733 2475; x_wconf 82' lang='lat' dir='ltr'>controverfiam</span> <span class='ocrx_word' id='word_1_140' title='bbox 805 2413 1299 2497; x_wconf 85' lang='lat' dir='ltr'>argumenta,</span> <span class='ocrx_word' id='word_1_141' title='bbox 1365 2389 1718 2494; x_wconf 71' lang='lat' dir='ltr'>praestant</span> <span class='ocrx_word' id='word_1_142' title='bbox 1772 2392 1973 2468; x_wconf 86' lang='lat' dir='ltr'>circa</span> <span class='ocrx_word' id='word_1_143' title='bbox 2008 2391 2194 2489; x_wconf 84' lang='lat' dir='ltr'>juris</span> <span class='ocrx_word' id='word_1_144' title='bbox 2243 2389 2416 2471; x_wconf 74' lang='lat' dir='ltr'>lires</span> 
     </span>
     <span class='ocr_line' id='line_1_19' title="bbox 157 2498 2413 2613; baseline -0.003 -26"><span class='ocrx_word' id='word_1_145' title='bbox 157 2510 535 2587; x_wconf 82' lang='lat' dir='ltr'>materiam</span> <span class='ocrx_word' id='word_1_146' title='bbox 569 2501 1094 2613; x_wconf 83' lang='lat' dir='ltr'>quaestiortum.</span> <span class='ocrx_word' id='word_1_147' title='bbox 1207 2498 1335 2581; x_wconf 84' lang='lat' dir='ltr'>Ad</span> <span class='ocrx_word' id='word_1_148' title='bbox 1381 2502 1834 2609; x_wconf 81' lang='lat' dir='ltr'>qualitatem</span> <span class='ocrx_word' id='word_1_149' title='bbox 1885 2525 2199 2608; x_wconf 91' lang='lat' dir='ltr'>quoque</span> <span class='ocrx_word' id='word_1_150' title='bbox 2263 2501 2413 2581; x_wconf 86' lang='lat' dir='ltr'>fre-</span> 
     </span>
     <span class='ocr_line' id='line_1_20' title="bbox 155 2611 2417 2723; baseline -0.001 -27"><span class='ocrx_word' id='word_1_151' title='bbox 155 2641 456 2723; x_wconf 87' lang='lat' dir='ltr'>quenter</span> <span class='ocrx_word' id='word_1_152' title='bbox 508 2618 844 2723; x_wconf 84' lang='lat' dir='ltr'>pertinet</span> <span class='ocrx_word' id='word_1_153' title='bbox 898 2612 1133 2694; x_wconf 84' lang='lat' dir='ltr'>locus.</span> <span class='ocrx_word' id='word_1_154' title='bbox 1242 2619 1522 2720; x_wconf 89' lang='lat' dir='ltr'>Neque</span> <span class='ocrx_word' id='word_1_155' title='bbox 1582 2615 1795 2691; x_wconf 87' lang='lat' dir='ltr'>enim</span> <span class='ocrx_word' id='word_1_156' title='bbox 1869 2614 2150 2718; x_wconf 86' lang='lat' dir='ltr'>ubique</span> <span class='ocrx_word' id='word_1_157' title='bbox 2202 2611 2417 2693; x_wconf 89' lang='lat' dir='ltr'>idem</span> 
     </span>
     <span class='ocr_line' id='line_1_21' title="bbox 158 2722 2417 2831; baseline -0.002 -25"><span class='ocrx_word' id='word_1_158' title='bbox 158 2752 266 2808; x_wconf 85' lang='lat' dir='ltr'>aut</span> <span class='ocrx_word' id='word_1_159' title='bbox 308 2731 525 2819; x_wconf 87' lang='lat' dir='ltr'>licet,</span> <span class='ocrx_word' id='word_1_160' title='bbox 587 2748 713 2807; x_wconf 85' lang='lat' dir='ltr'>aut</span> <span class='ocrx_word' id='word_1_161' title='bbox 759 2726 1127 2805; x_wconf 86' lang='lat' dir='ltr'>decorum</span> <span class='ocrx_word' id='word_1_162' title='bbox 1181 2723 1324 2804; x_wconf 86' lang='lat' dir='ltr'>est:</span> <span class='ocrx_word' id='word_1_163' title='bbox 1374 2725 1804 2830; x_wconf 84' lang='lat' dir='ltr'>quinetiam</span> <span class='ocrx_word' id='word_1_164' title='bbox 1849 2726 1931 2802; x_wconf 82' lang='lat' dir='ltr'>in</span> <span class='ocrx_word' id='word_1_165' title='bbox 1996 2750 2147 2831; x_wconf 87' lang='lat' dir='ltr'>qua</span> <span class='ocrx_word' id='word_1_166' title='bbox 2192 2722 2417 2829; x_wconf 84' lang='lat' dir='ltr'>quid-</span> 
     </span>
     <span class='ocr_line' id='line_1_22' title="bbox 160 2832 2417 2946; baseline -0.002 -27"><span class='ocrx_word' id='word_1_167' title='bbox 160 2863 288 2945; x_wconf 84' lang='lat' dir='ltr'>que</span> <span class='ocrx_word' id='word_1_168' title='bbox 328 2844 643 2922; x_wconf 82' lang='lat' dir='ltr'>civitate</span> <span class='ocrx_word' id='word_1_169' title='bbox 678 2859 1105 2946; x_wconf 71' lang='lat' dir='ltr'>quaeratur,</span> <span class='ocrx_word' id='word_1_170' title='bbox 1166 2835 1496 2914; x_wconf 86' lang='lat' dir='ltr'>interest.</span> <span class='ocrx_word' id='word_1_171' title='bbox 1574 2835 1925 2916; x_wconf 88' lang='lat' dir='ltr'>Moribus</span> <span class='ocrx_word' id='word_1_172' title='bbox 1967 2839 2269 2914; x_wconf 86' lang='lat' dir='ltr'>enim&amp;</span> <span class='ocrx_word' id='word_1_173' title='bbox 2315 2832 2417 2914; x_wconf 87' lang='lat' dir='ltr'>le-</span> 
     </span>
     <span class='ocr_line' id='line_1_23' title="bbox 155 2945 2413 3054; baseline -0.002 -24"><span class='ocrx_word' id='word_1_174' title='bbox 155 2952 343 3054; x_wconf 78' lang='lat' dir='ltr'>gibus</span> <span class='ocrx_word' id='word_1_175' title='bbox 388 2951 691 3033; x_wconf 85' lang='lat' dir='ltr'>distant.</span> <span class='ocrx_word' id='word_1_176' title='bbox 756 2948 885 3028; x_wconf 89' lang='lat' dir='ltr'>Ad</span> <span class='ocrx_word' id='word_1_177' title='bbox 922 2945 1687 3028; x_wconf 84' lang='lat' dir='ltr'>commendationem</span> <span class='ocrx_word' id='word_1_178' title='bbox 1727 2973 2042 3053; x_wconf 86' lang='lat' dir='ltr'>quoque</span> <span class='ocrx_word' id='word_1_179' title='bbox 2082 2951 2160 3025; x_wconf 88' lang='lat'>&amp;</span> <span class='ocrx_word' id='word_1_180' title='bbox 2215 2948 2413 3026; x_wconf 87' lang='lat' dir='ltr'>invi-</span> 
     </span>
     <span class='ocr_line' id='line_1_24' title="bbox 157 3055 2412 3159; baseline -0.004 -20"><span class='ocrx_word' id='word_1_181' title='bbox 157 3059 337 3144; x_wconf 69' lang='lat' dir='ltr'>diam</span> <span class='ocrx_word' id='word_1_182' title='bbox 398 3064 630 3145; x_wconf 85' lang='lat' dir='ltr'>valet.</span> <span class='ocrx_word' id='word_1_183' title='bbox 724 3067 931 3139; x_wconf 82' lang='lat' dir='ltr'>Nam</span> <span class='ocrx_word' id='word_1_184' title='bbox 975 3063 1055 3139; x_wconf 73' lang='grc' dir='ltr'>δε</span> <span class='ocrx_word' id='word_1_185' title='bbox 1097 3061 1294 3159; x_wconf 83' lang='lat' dir='ltr'>Ajax</span> <span class='ocrx_word' id='word_1_186' title='bbox 1345 3083 1387 3135; x_wconf 89' lang='lat' dir='ltr'>a</span> <span class='ocrx_word' id='word_1_187' title='bbox 1443 3055 1549 3136; x_wconf 92' lang='lat' dir='ltr'>ud</span> <span class='ocrx_word' id='word_1_188' title='bbox 1596 3056 2017 3146; x_wconf 87' lang='lat' dir='ltr'>Ovidium,</span> <span class='ocrx_word' id='word_1_189' title='bbox 2076 3069 2259 3137; x_wconf 83' lang='lat' dir='ltr'>Ante</span> <span class='ocrx_word' id='word_1_190' title='bbox 2298 3084 2412 3136; x_wconf 76' lang='lat' dir='ltr'>ra.</span> 
     </span>
     <span class='ocr_line' id='line_1_25' title="bbox 159 3084 2412 3283; baseline -0.003 -31"><span class='ocrx_word' id='word_1_191' title='bbox 159 3195 244 3252; x_wconf 79' lang='lat' dir='ltr'>tes</span> <span class='ocrx_word' id='word_1_192' title='bbox 258 3232 280 3258; x_wconf 86' lang='lat'><em>‚</em></span> <span class='ocrx_word' id='word_1_193' title='bbox 339 3178 599 3283; x_wconf 87' lang='lat' dir='ltr'>inquit</span> <span class='ocrx_word' id='word_1_194' title='bbox 622 3227 647 3264; x_wconf 89' lang='lat'>,</span> <span class='ocrx_word' id='word_1_195' title='bbox 686 3180 960 3282; x_wconf 78' lang='lat' dir='ltr'>agimus</span> <span class='ocrx_word' id='word_1_196' title='bbox 997 3170 1307 3277; x_wconf 78' lang='lat' dir='ltr'>causam:</span> <span class='ocrx_word' id='word_1_197' title='bbox 1345 3084 1442 3259; x_wconf 55' lang='grc' dir='ltr'>(ξ</span> <span class='ocrx_word' id='word_1_198' title='bbox 1468 3197 1735 3249; x_wconf 81' lang='lat' dir='ltr'>mecum</span> <span class='ocrx_word' id='word_1_199' title='bbox 1765 3170 2116 3272; x_wconf 76' lang='lat' dir='ltr'>confirtur</span> <span class='ocrx_word' id='word_1_200' title='bbox 2146 3166 2412 3278; x_wconf 77' lang='lat' dir='ltr'>lllyffls.</span> 
     </span>
     <span class='ocr_line' id='line_1_26' title="bbox 161 3277 2421 3385; baseline -0.002 -23"><span class='ocrx_word' id='word_1_201' title='bbox 161 3284 236 3362; x_wconf 79' lang='lat' dir='ltr'>Et</span> <span class='ocrx_word' id='word_1_202' title='bbox 269 3287 551 3367; x_wconf 75' lang='lat' dir='ltr'>Miloni</span> <span class='ocrx_word' id='word_1_203' title='bbox 595 3289 795 3364; x_wconf 88' lang='lat' dir='ltr'>inter</span> <span class='ocrx_word' id='word_1_204' title='bbox 849 3304 1115 3364; x_wconf 85' lang='lat' dir='ltr'>caetera</span> <span class='ocrx_word' id='word_1_205' title='bbox 1159 3279 1547 3377; x_wconf 70' lang='lat' dir='ltr'>objectum</span> <span class='ocrx_word' id='word_1_206' title='bbox 1602 3278 1751 3368; x_wconf 89' lang='lat' dir='ltr'>est,</span> <span class='ocrx_word' id='word_1_207' title='bbox 1816 3278 2029 3385; x_wconf 91' lang='lat' dir='ltr'>quod</span> <span class='ocrx_word' id='word_1_208' title='bbox 2070 3277 2421 3358; x_wconf 79' lang='lat' dir='ltr'>-Clodius</span> 
     </span>
     <span class='ocr_line' id='line_1_27' title="bbox 159 3388 2425 3492; baseline -0.001 -20"><span class='ocrx_word' id='word_1_209' title='bbox 159 3393 230 3472; x_wconf 84' lang='lat' dir='ltr'>in</span> <span class='ocrx_word' id='word_1_210' title='bbox 283 3400 815 3478; x_wconf 84' lang='lat' dir='ltr'>monumentis</span> <span class='ocrx_word' id='word_1_211' title='bbox 872 3395 966 3474; x_wconf 87' lang='lat' dir='ltr'>ab</span> <span class='ocrx_word' id='word_1_212' title='bbox 1012 3421 1108 3473; x_wconf 90' lang='lat' dir='ltr'>eo</span> <span class='ocrx_word' id='word_1_213' title='bbox 1169 3417 1559 3492; x_wconf 68' lang='lat' dir='ltr'>majorum</span> <span class='ocrx_word' id='word_1_214' title='bbox 1615 3390 1929 3470; x_wconf 89' lang='lat' dir='ltr'>suorum</span> <span class='ocrx_word' id='word_1_215' title='bbox 1979 3388 2159 3468; x_wconf 82' lang='lat' dir='ltr'>effet</span> <span class='ocrx_word' id='word_1_216' title='bbox 2219 3391 2425 3469; x_wconf 88' lang='lat' dir='ltr'>occi-</span> 
     </span>
     <span class='ocr_line' id='line_1_28' title="bbox 165 3499 2425 3591; baseline -0.001 -8"><span class='ocrx_word' id='word_1_217' title='bbox 165 3501 286 3583; x_wconf 78' lang='lat' dir='ltr'>sus,</span> <span class='ocrx_word' id='word_1_218' title='bbox 345 3511 465 3590; x_wconf 85' lang='lat' dir='ltr'>Ad</span> <span class='ocrx_word' id='word_1_219' title='bbox 526 3504 896 3588; x_wconf 87' lang='lat' dir='ltr'>suadendi</span> <span class='ocrx_word' id='word_1_220' title='bbox 952 3525 1355 3589; x_wconf 88' lang='lat' dir='ltr'>momenta</span> <span class='ocrx_word' id='word_1_221' title='bbox 1409 3500 1620 3581; x_wconf 88' lang='lat' dir='ltr'>idem</span> <span class='ocrx_word' id='word_1_222' title='bbox 1677 3501 1926 3591; x_wconf 89' lang='lat' dir='ltr'>valet,</span> <span class='ocrx_word' id='word_1_223' title='bbox 1979 3499 2169 3580; x_wconf 86' lang='lat' dir='ltr'>ficut</span> <span class='ocrx_word' id='word_1_224' title='bbox 2228 3523 2425 3580; x_wconf 88' lang='lat' dir='ltr'>tem-</span> 
     </span>
     <span class='ocr_line' id='line_1_29' title="bbox 167 3611 2423 3719; baseline -0 -26"><span class='ocrx_word' id='word_1_225' title='bbox 167 3638 293 3718; x_wconf 84' lang='lat' dir='ltr'>pus</span> <span class='ocrx_word' id='word_1_226' title='bbox 309 3629 559 3719; x_wconf 82' lang='lat' dir='ltr'>,cujus</span> <span class='ocrx_word' id='word_1_227' title='bbox 604 3618 1008 3698; x_wconf 63' lang='lat' dir='ltr'>transsatum</span> <span class='ocrx_word' id='word_1_228' title='bbox 1041 3614 1506 3718; x_wconf 84' lang='lat' dir='ltr'>subjungam.</span> <span class='ocrx_word' id='word_1_229' title='bbox 1598 3616 1771 3715; x_wconf 86' lang='lat' dir='ltr'>Ejus</span> <span class='ocrx_word' id='word_1_230' title='bbox 1811 3633 2070 3693; x_wconf 87' lang='lat' dir='ltr'>autem</span> <span class='ocrx_word' id='word_1_231' title='bbox 2116 3623 2230 3706; x_wconf 89' lang='lat' dir='ltr'>(ut</span> <span class='ocrx_word' id='word_1_232' title='bbox 2268 3611 2423 3692; x_wconf 81' lang='lat' dir='ltr'>alio</span> 
     </span>
     <span class='ocr_line' id='line_1_30' title="bbox 173 3722 2427 3833; baseline -0.001 -27"><span class='ocrx_word' id='word_1_233' title='bbox 173 3725 325 3806; x_wconf 88' lang='lat' dir='ltr'>loco</span> <span class='ocrx_word' id='word_1_234' title='bbox 367 3736 518 3830; x_wconf 81' lang='lat' dir='ltr'>jam</span> <span class='ocrx_word' id='word_1_235' title='bbox 587 3729 805 3824; x_wconf 87' lang='lat' dir='ltr'>dixi)</span> <span class='ocrx_word' id='word_1_236' title='bbox 872 3726 1155 3833; x_wconf 85' lang='lat' dir='ltr'>duplex</span> <span class='ocrx_word' id='word_1_237' title='bbox 1205 3724 1655 3831; x_wconf 76' lang='lat' dir='ltr'>significatio</span> <span class='ocrx_word' id='word_1_238' title='bbox 1707 3722 1837 3804; x_wconf 88' lang='lat' dir='ltr'>est.</span> <span class='ocrx_word' id='word_1_239' title='bbox 1943 3722 2427 3804; x_wconf 87' lang='lat' dir='ltr'>Generaliter</span> 
     </span>
     <span class='ocr_line' id='line_1_31' title="bbox 170 3834 2427 3949; baseline -0.001 -33"><span class='ocrx_word' id='word_1_240' title='bbox 170 3844 342 3920; x_wconf 82' lang='lat' dir='ltr'>emm</span> <span class='ocrx_word' id='word_1_241' title='bbox 378 3849 452 3924; x_wconf 77' lang='grc' dir='ltr'>δ(</span> <span class='ocrx_word' id='word_1_242' title='bbox 492 3839 936 3949; x_wconf 86' lang='lat' dir='ltr'>specialiter</span> <span class='ocrx_word' id='word_1_243' title='bbox 973 3841 1360 3943; x_wconf 82' lang='lat' dir='ltr'>accipitur.</span> <span class='ocrx_word' id='word_1_244' title='bbox 1475 3839 1682 3916; x_wconf 87' lang='lat' dir='ltr'>Prius</span> <span class='ocrx_word' id='word_1_245' title='bbox 1739 3834 1933 3916; x_wconf 87' lang='lat' dir='ltr'>illud</span> <span class='ocrx_word' id='word_1_246' title='bbox 1968 3835 2112 3921; x_wconf 84' lang='lat' dir='ltr'>est,</span> <span class='ocrx_word' id='word_1_247' title='bbox 2173 3862 2427 3925; x_wconf 83' lang='lat' dir='ltr'>nunc,</span> 
     </span>
     <span class='ocr_line' id='line_1_32' title="bbox 156 3944 2429 4055; baseline -0.002 -27"><span class='ocrx_word' id='word_1_248' title='bbox 156 3948 366 4042; x_wconf 85' lang='lat' dir='ltr'>olim,</span> <span class='ocrx_word' id='word_1_249' title='bbox 409 3955 557 4035; x_wconf 91' lang='lat' dir='ltr'>sub</span> <span class='ocrx_word' id='word_1_250' title='bbox 591 3949 1081 4043; x_wconf 85' lang='lat' dir='ltr'>Alexandr0‚</span> <span class='ocrx_word' id='word_1_251' title='bbox 1136 3977 1313 4029; x_wconf 90' lang='lat' dir='ltr'>cum</span> <span class='ocrx_word' id='word_1_252' title='bbox 1355 3945 1575 4054; x_wconf 87' lang='lat' dir='ltr'>apud.</span> <span class='ocrx_word' id='word_1_253' title='bbox 1594 3949 1789 4029; x_wconf 86' lang='lat' dir='ltr'>Ilion</span> <span class='ocrx_word' id='word_1_254' title='bbox 1823 3970 2254 4055; x_wconf 86' lang='lat' dir='ltr'>pugnatum</span> <span class='ocrx_word' id='word_1_255' title='bbox 2297 3944 2429 4026; x_wconf 91' lang='lat' dir='ltr'>est.</span> 
     </span>
    </p>
   </div>
   <div class='ocr_carea' id='block_1_3' title="bbox 155 4056 2433 4251">
    <p class='ocr_par' dir='ltr' id='par_1_3' title="bbox 155 4056 2433 4251">
     <span class='ocr_line' id='line_1_33' title="bbox 155 4056 2432 4250; baseline -0.001 -112"><span class='ocrx_word' id='word_1_256' title='bbox 155 4056 455 4172; x_wconf 87' lang='lat' dir='ltr'>denique</span> <span class='ocrx_word' id='word_1_257' title='bbox 496 4065 1038 4187; x_wconf 66' lang='lat' dir='ltr'>praeteritum,</span> <span class='ocrx_word' id='word_1_258' title='bbox 1086 4061 1366 4144; x_wconf 83' lang='lat' dir='ltr'>&#39;instans</span> <span class='ocrx_word' id='word_1_259' title='bbox 1383 4117 1464 4249; x_wconf 81' lang='lat' dir='ltr'>‚N</span> <span class='ocrx_word' id='word_1_260' title='bbox 1438 4060 1807 4142; x_wconf 88' lang='lat' dir='ltr'>futurum.</span> <span class='ocrx_word' id='word_1_261' title='bbox 1901 4065 2077 4142; x_wconf 89' lang='lat' dir='ltr'>Hoc</span> <span class='ocrx_word' id='word_1_262' title='bbox 2115 4059 2432 4250; x_wconf 51' lang='grc' dir='ltr'><strong>Γεῖυἰηε</strong></span> 
     </span>
     <span class='ocr_line' id='line_1_34' title="bbox 1488 4185 2433 4251; baseline -0.004 0"><span class='ocrx_word' id='word_1_263' title='bbox 1488 4198 1545 4251; x_wconf 78' lang='lat' dir='ltr'>n</span> <span class='ocrx_word' id='word_1_264' title='bbox 2261 4193 2301 4245; x_wconf 76' lang='lat' dir='ltr'>a</span> <span class='ocrx_word' id='word_1_265' title='bbox 2353 4185 2433 4247; x_wconf 64' lang='lat' dir='ltr'>C!</span> 
     </span>
    </p>
   </div>
  </div>
 </body>
</html>
