3557 5113
268 258 475 422 De
510 154 960 461 lnstttss
1011 254 1739 432 orator-222,
1783 245 2091 420 Lib.
2129 249 2378 408 lv.
2550 304 2757 419 253

203 584 503 665 occidendi
543 586 821 692 causam
855 582 1026 666 huic
1056 613 1198 663 non
1207 580 1426 690 fictffi
1440 618 1464 659 .·
1524 582 1768 664 dicam
1794 583 1982 664 hunc
2011 614 2085 664 eo
2138 608 2438 694 temore
2469 615 2657 694 CAt’·
2697 608 2797 690 v,
2848 578 2862 615 ³

203 726 307 810 quo
359 695 551 777 homo
609 699 862 804 occisus
912 696 1007 800 est
1019 751 1042 785 2
1083 720 1292 784 trans
1360 724 1557 775 mare
1599 696 1837 803 fl‘fffl'·
1935 699 2222 775 Omnia
2268 698 2441 803 q'uae

201 834 337 888 ante
371 808 445 888 id
476 808 696 917 quod
736 810 1104 888 ultimum
1152 808 1300 898 est,
1367 815 1809 915 exequeri3‚
1887 811 2136 886 inania
2191 808 2439 887 videri

194 921 432 1003 necesse
465 920 596 1000 est.
685 922 1009 1000 Festinat
1066 923 1276 999 enim
1317 918 1552 1017 judex
1604 919 1701 999 ad
1764 919 1846 999 id
1883 920 2113 1026 ,quod
2164 943 2441 1025 poten-

197 1031 521 1112 tiffimum
576 1032 685 1112 est
718 1090 742 1124 ,
809 1040 888 1115 &
951 1033 1162 1113 velut
1230 1032 1666 1138 obligatum
1740 1032 2117 1138 promisso
2184 1055 2441 1137 patro-

197 1172 383 1236 num,
423 1143 479 1225 fi
528 1145 639 1225 est
685 1146 1145 1252 patientior,
1201 1144 1903 1253 tacitusappellat:
1968 1143 2024 1222 fi
2060 1144 2187 1225 vel
2218 1172 2441 1222 occu-

191 1280 408 1361 patus»,
461 1259 592 1341 vel
650 1260 732 1336 in
771 1259 1023 1366 aliqua
1078 1256 1499 1364 potestate,
1565 1255 1689 1338 vel
1741 1258 1975 1334 etiam
2016 1311 2037 1345 ‚
2097 1255 2154 1335 fi
2209 1258 2444 1334 mori·

188 1369 297 1449 bus
336 1368 886 1477 incompositus
915 1427 939 1462 ,
1022 1398 1202 1450 cum
1268 1371 1615 1450 convitio
1679 1368 2067 1473 efflagitat.
2179 1373 2440 1474 Itaque

188 1507 316 1558 non
348 1480 789 1572 defuerunt,
821 1489 956 1591 qui
995 1485 1393 1562 Ciceronis
1427 1479 1643 1559 illam
1688 1506 1836 1589 pro
1869 1479 2234 1558 Cluentio
2272 1507 2443 1584 par-

187 1594 500 1672 titionem
549 1596 1123 1701 improbarent,
1176 1620 1327 1702 qua
1370 1592 1443 1671 se
1494 1590 1884 1671 disturum
1932 1589 2076 1668 else
2144 1593 2442 1696 promi-

185 1702 257 1783 fit
298 1712 632 1811 primum
663 1739 686 1802 3
752 1714 1106 1786 neminem
1161 1702 1553 1813 majoribus
1602 1700 2031 1785 criminibus
2071 1759 2092 1785 ‚
2142 1709 2436 1811 gravio·

187 1815 353 1896 ribus
395 1817 683 1924 testibus
730 1827 812 1900 in
843 1819 1205 1927 judicium
1242 1841 1570 1897 vocatum
1590 1874 1611 1902 ‚
1676 1846 1894 1928 quam
1931 1821 2435 1925 Oppianicum:

181 1927 424 2009 deinde
459 1967 478 2016 ;
523 1927 947 2041 prejudicia
1007 1929 1123 2038 effi?
1148 1935 1363 2040 fabia
1418 1928 1509 2008 ab
1563 1936 1651 2010 iis
1705 1931 1863 2040 ipsis
1897 1948 1901 1953 ’
1900 1923 2272 2034 judicibus
2305 1981 2326 2016 ,
2391 1944 2441 2006 a

177 2042 400 2151 quibus
452 2044 959 2125 condemnatus
983 2044 1088 2153 stt
1133 2078 1157 2120 .·
1228 2041 1628 2149 postremo
1666 2071 1687 2134 ;
1726 2042 2093 2149 judicium
2128 2045 2442 2149 pecunia

174 2178 483 2234 tentatum
542 2188 686 2237 non
736 2186 784 2235 a
828 2158 1147 2236 Cluentio
1168 2210 1188 2237 ‚
1233 2156 1377 2261 fid
1429 2177 1669 2233 contra
1727 2157 2177 2233 Cluentium:
2255 2153 2441 2258 quia

173 2262 216 2341 fi
261 2268 563 2372 probari
608 2266 852 2373 poss'et
901 2266 1115 2378 quod
1164 2266 1274 2344 est
1324 2268 1680 2355 tertium,
1748 2264 1951 2343 nihil
1986 2260 2275 2353 necesse
2322 2262 2441 2340 fu-

173 2380 286 2456 erit
327 2379 584 2459 dicere
645 2383 931 2487 priora.
1042 2377 1331 2457 Rursus
1392 2405 1630 2456 nemo
1688 2398 1847 2455 tam
1890 2378 2037 2454 erit
2078 2395 2206 2453 aut
2249 2376 2445 2476 inju-
2488 2454 2493 2465 ,
2556 2409 2564 2415 ·

172 2485 322 2575 stus,
386 2516 518 2573 aut
559 2491 870 2577 stultus,
937 2495 1125 2598 quin
1156 2518 1338 2569 eum
1377 2491 1698 2569 fateatur
1736 2491 2040 2597 optime
2074 2514 2223 2593 pro
2268 2489 2446 2566 Mu-

175 2628 332 2681 raena
373 2605 519 2686 ess'e
558 2609 986 2711 partitum;
1033 2607 1380 2713 Intelltgm
1430 2604 1716 2712 judices
1735 2660 1762 2688 ‚
1819 2626 1968 2682 tres
1993 2606 2215 2680 totius
2243 2627 2448 2680 accu-

155 2715 424 2814 sationis
460 2741 730 2828 partes
753 2714 970 2824 fitiffl
1010 2771 1031 2798 ‚
1096 2712 1187 2807 ὠ
1246 2744 1489 2795 earum
1540 2744 1758 2796 unam
1804 2722 1886 2792 in
1938 2710 2442 2823 reprebetfione

174 2833 325 2912 rita,
385 2835 705 2910 alteram
748 2840 831 2910 t'n
872 2836 1303 2907 contentione
1352 2829 1744 2937 dignitatis
1758 2883 1780 2918 ,
1836 2832 2129 2905 tertiam
2181 2832 2260 2903 in
2305 2823 2449 2912 cri-'2

168 2939 442 3020 minibus
494 2939 822 3022 ambitus
880 2937 998 3045 ff·
1048 2941 1418 3047 versatam.
1561 2946 1769 3017 Nam
1823 2936 1921 3016 fic
1980 2943 2055 3017 δι
2113 2933 2448 3017 ostendit

167 3048 588 3133 lucidiss'ime
646 3052 946 3132 causam
986 3108 1006 3135 ‚
1065 3057 1144 3132 &
1206 3051 1402 3132 nihil
1461 3051 1643 3130 fecit
1693 3050 1942 3129 altero
1996 3049 2451 3153 supervacn-

170 3187 296 3240 um.
440 3171 571 3246 De
629 3165 771 3245 illo
825 3191 1139 3271 quoque
1194 3179 1480 3269 genere
1557 3160 2016 3248 defensionis
2099 3158 2451 3268 plerique

165 3273 518 3358 dubitant:
611 3286 692 3357 Si
731 3277 953 3358 occidi
973 3334 994 3360 ,
1079 3282 1259 3355 rei't'e
1291 3276 1456 3378 ftci
1477 3310 1501 3350 .·
1568 3273 1724 3380 fid.
1758 3303 1898 3352 non
1956 3272 2179 3350 occidi
2201 3305 2224 3347 .·
2290 3285 2454 3379 quo

171 3392 338 3467 enim
393 3394 616 3497 prius
677 3392 1114 3494 pertinere,
1208 3384 1262 3464 ss
1316 3384 1632 3494 sequens
1689 3375 2012 3464 firmum
2068 3381 2204 3462 sit?
2280 3383 2448 3466 haec

176 3501 449 3582 invicem
510 3500 828 3582 obstare
869 3556 893 3591 ,
980 3505 1057 3581 &
1133 3493 1468 3606 utroque
1519 3499 1905 3578 utentibus
1944 3553 1964 3588 ‚
2036 3498 2117 3575 in
2170 3520 2450 3577 neutro

175 3607 383 3693 haberi
418 3614 705 3695 fidem.
786 3610 1024 3715 Qod
1070 3609 1238 3689 stine
1285 3613 1364 3689 in
1414 3635 1626 3719 parte
1664 3638 1939 3690 verum
1975 3606 2119 3699 est,
2186 3613 2264 3689 &
2307 3607 2449 3688 illo

175 3719 499 3826 sequenti,
573 3725 637 3808 fi
698 3725 942 3808 modo
993 3722 1414 3803 indubitale
1465 3723 1593 3815 fit,
1660 3723 1828 3805 solo
1888 3719 2289 3803 utendum.
2338 3728 2450 3812 At

159 3830 214 3912 fi
250 3840 407 3941 quid
451 3846 542 3920 in
607 3866 709 3919 eo
753 3835 966 3947 quod
1027 3836 1137 3917 est
1175 3836 1506 3926 fortius,
1575 3838 2065 3921 timebimus,
2123 3856 2447 3946 utraque

146 3949 587 4057 probatione
645 3953 1017 4036 nitemur,
1106 3947 1328 4030 Alius
1385 3953 1597 4031 enim
1653 3951 1806 4033 alio
1858 3950 2163 4028 moveri
2202 3946 2440 4058 solet-2

1328 4064 1498 4161 113
1826 4069 1831 4082 ²
2360 4061 2449 4141 ὅτ.
