3557 5113
245 292 460 450 De
496 280 928 490 Instit.
971 287 1693 502 oratoria,
1729 280 2030 443 Lib.
2066 288 2253 445 V.
2521 296 2763 437 2592

327 608 538 721 JAM
603 609 1230 717 praejudiciorum
1262 608 1379 693 vis
1427 611 1683 691 omnis
1743 613 1982 696 tribus
2027 618 2110 694 in
2161 644 2399 722 gene-
2430 631 2616 709 CA».
2682 629 2766 704 11.

160 728 314 805 ribus
348 724 730 806 versatur:
770 723 1067 805 Rebus,
1103 749 1271 830 quae
1305 721 1717 828 aliquando
1756 752 1855 805 ex
1891 727 2192 832 paribus
2230 755 2396 809 cau-

158 837 225 916 fis
253 837 398 916 sunt
441 829 836 935 judicatae,
888 861 1057 940 quae
1106 832 1463 939 exempla
1517 828 1793 914 rectius
1849 836 2212 918 dicuntur
2225 870 2248 932 ;
2310 861 2399 919 ut

158 947 231 1026 de
257 945 548 1027 rescissis
582 968 894 1049 patrum
932 945 1439 1032 testamentis,
1494 945 1624 1026 vel
1663 968 1935 1028 contra
1971 944 2173 1029 filios
2206 977 2403 1030 con-·

158 1058 462 1137 firmatis:
529 1054 831 1155 judiciis
864 1054 959 1134 ad
998 1055 1239 1161 ipsam
1292 1052 1593 1136 causam
1643 1056 2224 1161 pertinentibus,
2251 1087 2391 1141 un-

154 1168 229 1246 ·de
257 1172 472 1247 etiam
521 1194 817 1246 nomen
849 1162 1174 1247 ‘ductum
1218 1167 1369 1261 est3
1458 1165 1714 1273 qualia
1753 1172 1836 1248 in
1866 1175 2389 1277 Oppianicum

159 1275 303 1358 fasta
351 1274 750 1362 dicuntur,
816 1284 893 1358 δε
941 1307 985 1356 a
1050 1277 1316 1358 senatu
1367 1270 1716 1357 adversus
1770 1280 2195 1361 Milonem:
2261 1305 2389 1364 aut

153 1411 296 1468 cum
323 1389 411 1468 de
452 1388 728 1469 eadem
769 1388 987 1469 causa
1028 1392 1626 1496 pronunciatum
1666 1386 1928 1480 est‚ut
1965 1396 2043 1470 in
2086 1398 2230 1474 reis
2264 1390 2388 1470 de-

152 1505 418 1603 portatis
439 1557 462 1589 ,
517 1505 597 1580 &
654 1500 1053 1580 assertione
1105 1499 1428 1579 secunda
1466 1555 1490 1590 ,
1537 1505 1636 1579 ..δε
1687 1498 1787 1579 de
1818 1504 2156 1607 partibus
2211 1530 2393 1582 cen-

152 1612 673 1695 tumviralium,
708 1639 878 1718 qua:
928 1614 1010 1690 in
1049 1608 1230 1690 duas
1289 1611 1527 1690 hastas
1569 1608 1821 1693 divisae
1872 1613 2065 1693 sunt.
2184 1618 2392 1693 Con-

151 1720 513 1803 firmantur
564 1727 940 1829 praecipue
988 1721 1335 1802 duobus:
1431 1723 1880 1802 auctoritate
1929 1751 2206 1806 eorum
2251 1729 2388 1830 qui

147 1836 803 1935 pronunciaverunt
835 1891 858 1918 ‚
933 1839 1012 1913 ὃ(
1067 1830 1561 1912 similitudine
1628 1858 1894 1914 rerum
1946 1834 2044 1915 de
2112 1834 2384 1941 quibus

146 1948 485 2050 quaeritur.
598 1944 1088 2024 Refelluntur
1135 1966 1393 2023 autem
1440 1963 1615 2022 raro
1653 1972 1795 2050 per
1828 1946 2383 2026 contumeliam

145 2053 485 2150 judicum,
553 2054 692 2134 nisl
727 2055 930 2135 forte
968 2054 1364 2135 manifesta
1408 2058 1491 2132 in
1536 2053 1652 2132 his
1695 2050 1919 2163 culpa
1969 2053 2134 2138 erit.
2194 2056 2386 2135 Vult

143 2172 316 2244 enim
379 2166 1010 2274 cognoscentium
1070 2164 1385 2273 quisque
1461 2162 1774 2244 firmam
1853 2167 1995 2247 ess'e
2078 2159 2387 2246 alterius

144 2275 554 2358 sententiam
587 2333 608 2367 ‚
694 2284 774 2358 δε
842 2277 996 2382 ipse
1072 2278 1773 2382 pronunciatnrus:
1854 2298 1996 2358 nec
2060 2272 2388 2356 libenter

141 2384 550 2496 exemplum
594 2380 809 2495 quod
879 2392 961 2466 in
1008 2380 1081 2465 se
1139 2378 1440 2467 fortasse
1499 2376 1825 2477 recidat,
1885 2389 2084 2468 facit.
2180 2393 2387 2467 Con-

139 2494 556 2605 fligiendum
623 2522 812 2606 ergo
875 2491 984 2579 est
1046 2498 1126 2579 in
1180 2490 1474 2579 duobus
1525 2496 2083 2607 superioribuS,
2156 2497 2211 2578 fi
2268 2527 2386 2578 res

141 2607 336 2702 feret,
386 2606 487 2693 ad
534 2605 879 2719 aliquam
927 2601 1630 2689 dissimilitudinem
1684 2610 1943 2691 causae.
2052 2615 2212 2692 Vix
2267 2637 2389 2690 aue

140 2739 270 2800 tem
308 2721 461 2804 ulla
516 2722 633 2803 est
664 2743 805 2829 per
834 2721 1098 2801 omnia
1135 2714 1353 2801 alteri
1393 2717 1678 2800 similis.
1773 2725 1850 2800 Si
1885 2719 1966 2802 id
2000 2723 2163 2802 non
2203 2748 2389 2800 con-

143 2836 379 2937 tinget,
443 2863 537 2914 ac
597 2832 870 2913 eadem
904 2829 1115 2914 caula
1160 2829 1344 2914 erit:
1423 2854 1552 2912 aut
1590 2824 1940 2930 aetorum
1981 2828 2384 2914 incusanda

142 2946 561 3050 negligentia
585 3002 611 3036 ,
673 2967 804 3024 aut
846 2943 943 3025 de
987 2936 1438 3025 infirmitate
1502 2933 2000 3049 personarum
2061 2965 2385 3052 queren-

138 3049 328 3144 dum,
376 3081 654 3136 contra
706 3082 892 3165 quas
938 3058 1084 3134 erit
1121 3051 1575 3155 judicatum:
1631 3077 1759 3134 aut
1800 3052 1895 3134 de
1931 3062 2174 3161 gratia
2215 3083 2385 3161 quae

142 3163 320 3244 testes
371 3172 850 3274 corruperit,
905 3189 1034 3246 aut
1075 3161 1171 3245 de
1209 3166 1499 3247 invidia
1523 3217 1545 3254 ‚
1606 3186 1736 3245 aut
1780 3159 1877 3244 de
1916 3168 2383 3271 ignorantia:

137 3294 239 3351 aut
268 3278 823 3360 inveniendum
878 3275 1063 3387 quid
1112 3276 1346 3356 causae
1389 3267 1649 3383 postea
1689 3270 2090 3355 accesserit.
2169 3282 2385 3377 Qio-

139 3409 283 3462 rum
323 3381 370 3468 fi
415 3387 625 3469 nihil
684 3393 874 3479 erit,
938 3389 1119 3468 licet
1164 3412 1424 3468 tamen
1483 3379 1738 3467 dicere
1790 3385 2069 3467 multas
2114 3386 2382 3489 judici-

138 3518 329 3574 orum
353 3499 603 3581 causas
652 3498 750 3580 ad
809 3503 1065 3607 inique
1114 3496 1784 3606 pronunciandum
1820 3500 2111 3584 valere:
2177 3492 2383 3579 ideo-
2432 3509 2435 3514 ’

140 3627 272 3708 que
310 3608 753 3692 damnatum
801 3610 1184 3692 Rutilium
1219 3669 1240 3696 ‚
1290 3610 1670 3716 absolutos
1718 3609 2089 3692 Clodium
2145 3632 2373 3718 atque
2422 3703 2429 3724 ,

141 3717 510 3832 Catilinam.
641 3715 1002 3827 Rogandi
1059 3727 1292 3802 etiam
1344 3720 1632 3825 judices
1666 3777 1688 3813 ‚
1748 3745 1835 3803 ut
1892 3751 2062 3803 rem
2092 3715 2371 3828 'potius
2414 3817 2423 3824 ⁴

137 3844 517 3914 intueantur
555 3831 808 3938 ipsam
831 3889 852 3923 ‚
906 3860 1135 3942 quam
1166 3831 1638 3937 jurijurando
1675 3832 1934 3914 alieno
1972 3834 2188 3914 suurn
2230 3831 2372 3912 do-
2418 3839 2427 3844 “

130 3961 294 4017 nent.
375 3943 774 4025 Adversus
823 3944 1162 4024 consulta
1215 3965 1473 4026 autem
1519 3944 1849 4032 senatus,
1915 3951 1996 4027 &
2063 3944 2374 4027 decreta

129 4054 520 4162 principum
557 4054 698 4139 vel
725 4056 1352 4163 magistratuum,
1405 4055 1851 4249 {ffedsssm
1892 4056 2196 4172 nullum
2235 4055 2417 4241 est?

1601 4192 1642 4246 2
2243 4190 2321 4244 m
2353 4186 2383 4242 ι
