3557 5113
836 238 1023 404 44
1362 232 1985 352 Μ.ῬΑΒ”ιῑ
2128 231 3163 366 Qiucrrttam
3329 210 3336 217 ’

718 555 904 650 Gar.
974 549 1099 631 VI.
1131 538 1318 622 dent
1339 591 1374 628 ,»
1419 558 1584 614 non
1633 523 1780 610 esse
1834 525 2046 633 paria
2078 574 2102 613 ‚
2165 514 2346 625 quia
2408 520 2601 628 lepus
2653 505 3099 625 epicoenum
3140 508 3275 602 fit,
3329 508 3428 592 luf·

906 647 918 657 ⁴
1113 677 1257 769 pus
1313 641 1865 728 masculinum:
1960 656 2408 746 quanquam
2471 637 2723 712 Varro
2769 633 2850 709 in
2892 652 2991 707 eo
3033 620 3235 704 libro
3274 645 3427 730 quo

1133 767 1353 848 initia
1405 758 1614 841 urbis
1664 761 1947 834 Roma:
2004 764 2306 827 enarrat
2347 797 2371 833 ‚
2425 745 2672 858 lupum
2735 743 3144 822 foeminam
3202 729 3427 826 dicit⁸

1132 880 1471 975 Ennium
1538 869 2078 971 Pietoremque
2141 858 2453 938 Fabium
2506 856 2820 936 secutus.
2986 848 3105 931 Illi
3173 871 3428 929 autem

1130 986 1375 1075 iidem
1429 1009 1614 1065 cum
1668 982 2248 1080 interrogantur
2305 995 2444 1050 cur
2494 993 2665 1080 aper
2716 971 2926 1079 apri,
2969 966 3047 1045 ὅ(
3069 982 3291 1076 pater
3304 988 3425 1074 pa·

1130 1106 1261 1185 trit
1315 1100 1584 1180 faciat:
1675 1089 1869 1171 illud
1929 1112 2225 1166 nomen
2283 1078 2737 1190 simpliciter
2807 1075 3191 1187 positum,
3289 1076 3428 1154 hoc

1122 1213 1225 1298 ad
1263 1206 1557 1321 aliquid
1598 1202 1743 1284 ess'e
1783 1197 2289 1282 contendunt.
2327 1198 2697 1274 Praeterea
2741 1195 3117 1301 quoniam
3139 1210 3426 1267 utrum-

1120 1356 1276 1437 que
1340 1316 1385 1405 a
1427 1328 1705 1403 Graeco
1766 1311 2088 1395 dustum
2149 1307 2241 1388 fit
2265 1363 2288 1397 ‚
2354 1304 2451 1385 ad
2498 1330 2674 1386 eam
2729 1310 3118 1384 rationem
3176 1325 3430 1380 recur-

1118 1461 1302 1542 runt
1324 1494 1349 1530 ‚
1413 1456 1502 1516 ut
1540 1429 1803 1538 πατρὶς
1825 1432 2062 1540 patris
2081 1479 2102 1513 ‚
2146 1416 2389 1528 καίπςε
2442 1424 2607 1532 apri
2643 1414 2890 1497 faciat.
2984 1414 3105 1496 lui
3169 1432 3429 1493 tamen

1119 1546 1532 1663 quomodo
1581 1540 1959 1647 effugient
1983 1590 2004 1627 ‚
2071 1557 2158 1615 ut
2212 1535 2535 1612 nomina
2610 1535 2967 1639 quamvis
3033 1523 3430 1607 foeminina

1120 1662 1481 1771 singulari
1537 1655 2075 1737 nominativo,
2113 1674 2204 1729 u,
2261 1676 2343 1729 s,
2401 1642 2644 1723 literis
2712 1639 2973 1733 finita,
3036 1661 3429 1747 nunquam

1121 1778 1469 1886 genitivo
1530 1767 1702 1846 casu
1768 1769 1865 1844 ris
1925 1757 2209 1867 syllaba
2265 1758 2830 1846 terminentur,
2895 1751 3120 1833 faciat
3176 1774 3432 1831 tamen

1125 1904 1348 1978 Venus
1403 1886 1672 1966 Vener&
1710 1882 1748 1956 ?
1846 1880 2045 1955 Item
2085 1894 2271 1950 cum
2310 1900 2389 1960 e,
2425 1901 2497 1957 s,
2536 1868 2779 1949 literis
2821 1866 3079 1956 finita,
3179 1893 3269 1943 er
3324 1888 3428 1946 va-

1131 2004 1290 2083 rios
1331 2014 1608 2079 exeant
1668 1986 2054 2097 genitivos
2076 2039 2099 2075 ,
2149 1996 2567 2091 {nunquam
2674 2001 2938 2062 tamen
2992 1889 3278 2057 eacigm
3349 1984 3434 2057 ric

1132 2112 1419 2222 syllaba
1478 2105 1935 2188 terminatos
1959 2154 1981 2189 ‚
2027 2113 2230 2177 Ceres
2270 2117 2497 2202 cogat
2554 2090 2808 2173 dicere
2858 2096 3172 2173 cerem?
3232 2085 3431 2195 Qid

1127 2252 1324 2314 vero
1363 2214 1581 2332 quod
1639 2235 1807 2296 tota
1860 2210 2263 2320 positionis
2319 2200 2664 2309 ejusdem
2699 2257 2723 2296 ,
2777 2205 2858 2285 in
2917 2200 3267 2285 diver-ios
3312 2203 3434 2281 fle-

1127 2366 1273 2420 xus
1317 2356 1507 2417 eunt
1539 2332 1562 2412 ἓ
1654 2354 1842 2409 cum
1880 2319 2067 2403 Alba
2104 2320 2328 2400 faciat
2383 2312 2694 2399 Albanos
2735 2322 2814 2399 δε
2874 2311 3199 2423 Albenses
3224 2374 3246 2398 ‚
3295 2316 3432 2396 Volo

1127 2452 1333 2535 volui
1387 2443 1478 2541 ὠ
1531 2444 1800 2525 volavi.
1949 2440 2159 2516 Nam
2217 2432 2612 2540 praeterito
2673 2429 2996 2538 quidem
3083 2451 3433 2535 ternpore

1128 2569 1342 2650 varie
1384 2558 1709 2642 formari
1749 2549 1985 2635 verba
2015 2546 2273 2655 prima
2311 2544 2636 2652 persona
2670 2575 2710 2624 o
2746 2543 2970 2624 litera
3002 2544 3430 2630 terminata,

1129 2675 1290 2786 ipsa
1332 2671 1683 2777 analogia
1723 2657 2207 2745 confiteatur.
2312 2652 2711 2766 Siquidem
2752 2658 2933 2737 facit
2974 2651 3143 2738 cada
3185 2653 3404 2736 cecidi
3410 2707 3432 2738 ι

1106 2788 1409 2905 spondeo
1424 2778 1804 2896 spqspoadi,
1832 2783 2057 2886 pingo
2081 2777 2332 2883 pinxi,
2371 2773 2518 2883 lego
2552 2771 2696 2882 legi
2705 2824 2732 2855 5
2748 2793 2936 2883 pono
2957 2767 3164 2881 pastci
3185 2823 3212 2852 ,-
3228 2770 3434 2876 stan-

1117 2934 1215 3016 go
1249 2902 1501 3009 fregi,
1558 2891 1771 2974 laudo
1803 2886 2130 2969 laudavi..
2226 2889 2414 2964 Non
2454 2887 2668 2964 enim
2704 2909 2886 2963 cum
2920 2883 3275 2989 primum
3307 2877 3439 2958 fin-

1133 3033 1506 3124 gerentur
1567 3003 1926 3085 homines
1949 3054 1971 3091 ‚
2064 2996 2416 3104 analogia
2471 2991 2769 3077 dimissa
2845 2995 3049 3075 coelo
3104 2994 3438 3074 formam

1136 3120 1515 3234 loquendi
1576 3114 1850 3199 dedit:
1931 3107 2064 3191 sed
2124 3114 2437 3193 inventa
2498 3105 2608 3189 est
2672 3106 3084 3217 postquam
3176 3107 3442 3215 loque-

1138 3243 1468 3326 bantur,
1524 3237 1608 3312 &
1656 3248 2020 3309 notatum
2077 3225 2160 3303 in
2204 3222 2560 3305 sermone
2582 3277 2606 3315 ‚
2660 3218 2850 3330 quid
2898 3248 3211 3329 quoque
3273 3246 3447 3296 mo.

1143 3352 1259 3433 do
1309 3347 1642 3430 caderet.
1731 3343 1992 3447 itaque
2048 3364 2212 3417 non
2263 3339 2559 3417 ratione
2604 3337 2877 3414 nititur
2918 3389 2942 3420 ,
2997 3329 3124 3412 sed
3179 3357 3448 3411 exem-

1149 3461 1326 3572 plo:
1422 3484 1564 3537 nec
1609 3455 1737 3534 lex
1769 3449 1879 3531 est
1918 3448 2337 3557 loquendi,
2377 3443 2508 3528 sed
2540 3447 2994 3529 observatio.
3088 3468 3175 3525 ut
3209 3442 3447 3552 ipsam

1149 3573 1590 3678 analogiam
1641 3562 1855 3645 nulla
1911 3589 2030 3641 res
2085 3561 2230 3641 alia
2270 3560 2538 3642 fecerit
2574 3617 2598 3652 ,
2678 3585 2915 3668 quam
2951 3554 3446 3639 consuetudo.

1148 3688 1533 3782 Inhaerent
1576 3703 1842 3786 tamen
1885 3670 2207 3781 quidam
2241 3670 2770 3755 molestissima
2811 3656 3232 3782 diligentia:
3287 3697 3454 3778 per-

1150 3797 1506 3898 versitate
1543 3847 1567 3884 ‚
1623 3813 1735 3896 ut,
1755 3787 2132 3900 audaciter
2165 3867 2166 3870 Ν
2180 3787 2439 3894 potius
2481 3783 2740 3874 dicant
2780 3810 3019 3893 quam
3073 3784 3453 3867 audaaefler,

1153 3910 1338 3993 licet
1407 3933 1685 3988 omnes
1743 3925 2091 3983 oratores
2144 3897 2355 3981 aliud
2416 3899 2827 4008 sequantur
2867 3929 2891 3976 ε
2968 3885 3048 3977 8⁸<
3116 3902 3458 3979 emicavit

1150 4051 1321 4132 pon
1359 4026 1646 4120 emicuit
1679 4053 1704 4101 .·
1798 4020 1883 4102 &
1912 4021 2193 4102 conire,
2230 4041 2396 4126 non
2432 4019 2640 4133 coire:
2730 4014 2874 4092 His
2912 4012 3460 4119 permittamus
