3557 5113
295 270 537 432 De
562 145 997 471 Institi
1056 269 1761 453 Oratoria,
1793 264 2088 423 Lib.
2122 268 2372 429 VI.
2587 296 2791 427 341:

188 599 452 701 patitur
490 652 514 688 ,
582 617 715 677 aut
771 624 868 676 ex
972 599 1062 678 iis
1123 625 1294 708 quae
1330 596 1788 686 damnatum
1850 625 2168 685 manent
2213 637 2231 685 ε
2294 622 2465 716 quae
2534 635 2719 717 cu,
2756 590 2820 708 ιζ’

193 711 265 787 ὃ(
311 708 455 813 ipsa
514 706 1002 814 duplicantur
1051 738 1234 790 cum
1298 710 1625 793 dicimus
1675 741 1773 794 ex
1826 743 1976 824 qua
2045 718 2161 796 illi
2220 717 2466 800 fortu-
2547 733 2550 736 ’

185 841 315 907 na,
366 824 445 899 &
480 821 560 898 in
623 845 858 925 quam
920 818 1426 901 recidendum
1461 822 1576 904 fit.
1670 826 1926 906 Affert
1983 832 2060 906 in
2128 829 2247 908 his
2299 858 2466 910 mo-

184 914 522 1008 {uentum
575 936 654 1011 &
716 952 933 1020 aetas,
996 936 1074 1011 &
1127 932 1379 1019 sexus,
1442 938 1521 1014 &
1582 939 1906 1040 pignora
1955 968 1975 1030 ;
2051 938 2310 1030 liberi,
2347 939 2463 1020 di·

186 1065 312 1129 co,
367 1046 447 1120 δ(
505 1063 902 1146 parentes,
955 1046 1034 1121 δε
1076 1046 1527 1152 propinqui.
1593 1071 1762 1153 quae
1829 1051 2093 1127 omnia
2146 1052 2459 1134 trac‘tati

187 1154 375 1232 varie
433 1150 698 1231 solent.
787 1158 1370 1261 Nonnunquam
1423 1159 1664 1235 etiarn
1731 1161 1809 1236 ὅ(
1876 1158 2031 1264 ipse
2088 1182 2455 1266 patronus

187 1261 301 1343 has
338 1284 595 1369 par-tes
633 1261 825 1342 subit
868 1293 886 1340 :
952 1284 1042 1341 ut
1083 1268 1360 1345 Cicero
1413 1293 1560 1371 pro
1616 1265 1916 1346 Milone
1958 1323 1982 1358 ,
2045 1295 2101 1354 o
2166 1302 2279 1351 me
2305 1284 2460 1354 mi·-

161 1375 390 1479 firm
427 1384 463 1453 ζ’
520 1403 559 1455 o
604 1400 719 1453 me
769 1374 1125 1481 infl‘licem
1180 1386 1217 1454 ,Ι
1277 1391 1624 1458 Revocare
1684 1370 1798 1457 ine
1855 1403 1940 1458 tu
1996 1387 2081 1457 in
2107 1392 2451 1490 patriam,

182 1489 343 1565 Mle
360 1542 384 1570 ‚
431 1486 725 1596 potugsti
759 1512 896 1597 per
943 1483 1072 1564 hos
1101 1542 1121 1568 ,
1176 1517 1295 1595 ego
1348 1512 1418 1566 te
1434 1497 1546 1566 ain
1577 1497 1834 1598 patria
1877 1516 2017 1598 per
2051 1492 2313 1597 estem
2349 1527 2467 1577 re-

180 1605 392 1676 tinere
441 1627 585 1676 non
617 1622 863 1707 potero
910 1605 949 1675 ,ἓ
1022 1599 1523 1705 Maximeque
1580 1597 1637 1678 fi
1705 1610 1733 1695 (
1751 1624 1839 1679 ut
1892 1622 2074 1679 tunc
2128 1605 2452 1703 accidit)

181 1732 332 1787 non
372 1711 839 1789 convenient
893 1710 964 1788 ei
1006 1711 1140 1815 qui
1191 1709 1617 1799 acculatur‚
1659 1736 1945 1815 preces,
2045 1717 2253 1793 Nam
2280 1721 2470 1822 quis,

180 1816 400 1899 ferret
452 1817 840 1903 Milonem
888 1845 1035 1925 pro
1088 1823 1336 1926 capite
1379 1817 1516 1901 suo
1576 1819 2141 1927 supplicantem
2163 1880 2186 1914 ,
2233 1831 2460 1933 ‚quispa

175 1926 248 2010 st
298 1932 558 2012 virum
613 1931 966 2011 nobilem
1012 1931 1498 2011 interfestum
1528 1988 1551 2023 ,
1617 1937 1800 2041 quia
1854 1932 1934 2014 id
1994 1931 2166 2014 fieri
2218 1962 2458 2045 opor-

178 2039 415 2122 tuiss’et
446 2098 471 2134 ‚
519 2042 892 2124 fateretur
932 2042 955 2122 ?
1033 2047 1238 2149 Ergo
1283 2048 1362 2123 &
1415 2041 1564 2123 illc
1592 2048 1929 2151 captavit
1972 2070 2071 2126 ox
2111 2045 2246 2131 illa
2262 2072 2453 2156 ‘praea

170 2150 435 2233 stantia
478 2148 721 2235 animi
785 2153 1134 2236 favorem
1167 2209 1189 2244 ‚
1245 2158 1323 2235 &
1373 2157 1456 2232 in
1504 2155 1771 2235 locum
1816 2155 2334 2264 lacrymarum
2374 2187 2455 2240 e·-

169 2265 286 2365 jus
323 2264 480 2371 ipse
537 2264 899 2347 successit.
964 2269 1109 2345 His
1157 2270 1538 2373 praecipue
1578 2265 1771 2346 locis
1820 2268 2046 2348 utiles
2082 2271 2252 2349 sunt
2275 2297 2461 2376 pr0-‚

171 2373 581 2484 Iopopoeiae
615 2432 643 2466 ‚
708 2376 789 2458 id
850 2376 960 2457 est
1004 2375 1199 2457 fistae
1255 2375 1681 2458 alienarum
1733 2380 2231 2486 personarum
2276 2384 2455 2473 ‚orai-

171 2487 410 2571 tiones
443 2544 468 2582 ,
528 2488 796 2598 quales
853 2490 1326 2596 litigatorem
1386 2488 1665 2571 decent
1711 2544 1758 2580 ‚‚
1812 2490 1953 2574 ⁴-vel
2013 2508 2456 2598 patronum.

173 2601 399 2682 Mutae
456 2623 723 2682 tamen
785 2628 904 2682 res
954 2622 1280 2685 movent
1319 2654 1345 2693 ,
1386 2623 1518 2683 aut
1584 2628 1767 2683 cum
1806 2601 1979 2708 ipsis
2023 2603 2457 2713 loquimur,

175 2733 296 2789 ant
343 2739 530 2793 cum
582 2711 775 2819 ipsas
822 2711 1044 2822 loqui
1108 2712 1493 2821 fingimus,
1601 2718 1714 2793 Ex
1762 2713 2103 2821 personis
2134 2725 2461 2825 vquoque

178 2821 494 2906 trahitur
565 2822 897 2905 affictus.
1039 2829 1228 2908 Non
1281 2827 1514 2905 enim·
1555 2821 1816 2904 audire
1870 2823 2105 2925 judex
2156 2826 2462 2910 videtur

170 2930 406 3014 aliena
465 2935 674 3016 mala
705 2959 712 2960 f
745 2935 1117 3017 deflentes
1173 2990 1198 3026 ‚
1278 2933 1410 3017 sed
1433 2985 1436 2994 ·
1462 2933 1759 3015 sensum
1810 2957 1905 3015 ac
1986 2961 2271 3018 vocem
2320 2951 2461 3020 ‘au-

167 3043 376 3125 ribus
430 3050 775 3154 accipere
823 3046 1286 3128 miserorum
1323 3103 1346 3132 ‚
1413 3072 1752 3153 quorum
1796 3051 2032 3134 etiam
2062 3069 2333 3130 *mutus
2357 3115 2361 3120 .
2382 3078 2461 3131 a-

171 3152 470 3259 spectus
504 3157 885 3264 lacrymas
948 3180 1217 3240 movet
1266 3188 1284 3236 ε
1352 3179 1800 3265 quantoque
1857 3154 2090 3237 effent
2150 3160 2460 3240 misera-

179 3262 491 3357 biliora,
548 3268 607 3350 fi
661 3295 754 3350 ea
814 3268 1159 3351 dicerent
1201 3266 1338 3372 ips1
1361 3322 1385 3357 ,
1440 3288 1660 3349 tanto
1715 3267 1890 3348 sunt
1944 3266 2289 3374 quadam.
2335 3268 2463 3351 fila

172 3382 525 3482 portione
560 3381 661 3463 ad
714 3381 1212 3462 efficiendum
1255 3383 1695 3485 potentiora
1715 3406 1957 3469 ‚ficum
2011 3378 2222 3459 velut
2264 3379 2471 3486 ipso-

177 3514 345 3567 mm
375 3519 511 3570 ore
551 3493 915 3574 dicuntur
958 3525 975 3571 ε
1029 3516 1115 3573 ut
1174 3491 1487 3574 scenicis
1534 3492 1911 3570 adioribus
1966 3489 2237 3580 eadem
2281 3519 2468 3582 vox,

179 3596 437 3679 eedem
491 3608 1038 3709 pronunciatio
1082 3604 1253 3710 plus
1310 3600 1425 3707 lad
1467 3601 1902 3682 movendos
1951 3600 2258 3691 aflectus
2332 3600 2468 3684 fiib

174 3710 482 3815 persona
529 3714 772 3796 valet:
882 3721 1141 3824 ltaque
1189 3713 1403 3795 idem
1470 3718 1750 3795 Cicero
1792 3739 2251 3820 quanquam·
2292 3741 2467 3818 pre-

168 3849 292 3932 εςς
332 3851 503 3904 non
555 3824 694 3905 dat
743 3826 1066 3917 Miloni,
1107 3851 1463 3932 -eurnquc
1500 3827 1758 3930 potius
1798 3826 2054 3902 animi
2108 3823 2466 3928 praestan-

156 3935 255 4015 tia
285 4001 288 4004 .
317 3936 842 4018 commendat
882 3992 906 4027 ‚
972 3935 1589 4018 accommodavit
1657 3938 1732 4014 ei
1812 3955 2073 4015 tamen
2140 3941 2222 4015 &
2293 3963 2463 4015 ver-

149 4046 240 4131 ba
253 4102 285 4142 ,
338 4054 430 4134 δε
494 4049 1056 4158 convenientes,
1097 4053 1335 4143 etiam
1386 4046 1577 4128 forti
1601 4047 1802 4131 ‘viro
1859 4045 2463 4156 conquestiones.

1341 4161 1486 4263 uu.
1540 4183 1585 4271 3,
2218 4154 2468 4268 θίὶκε
