3557 5113
240 248 468 417 De
491 248 933 459 Instzt.
988 255 1705 427 Oratoria,‘
1727 243 2028 405 Lib.
2060 240 2307 402 IX.
2513 273 2738 396 527-

182 590 327 647 eam
350 563 546 648 bona
578 595 723 675 per
756 568 907 651 hoc
963 573 1290 653 tacitum
1345 566 2048 653 fideicommiffiam
2075 560 2430 678 perveni·
2450 543 2683 666 «car.
2712 566 2827 648 tt

179 699 340 760 rent.
480 686 574 761 Et
613 705 842 790 caput
881 684 1203 791 quidem
1239 688 1435 765 tueri
1472 684 1694 766 facile
1722 680 1889 765 erat
1913 737 1939 776 ,
1992 680 2052 762 s1
2101 682 2255 763 hoc
2303 678 2425 763 di-

181 817 489 873 ceremus
522 794 785 900 palam
832 828 855 872 .·
901 793 1029 876 sed
1062 797 1361 904 peribat
1389 795 1811 878 haereditas.
1905 798 2018 875 Ita
2054 821 2247 900 crgo
2279 790 2429 875 fuit

180 905 366 985 nobis
396 904 829 1011 agendum,
877 929 964 987 ut
1005 909 1287 1007 judices
1321 909 1513 990 illud
1541 908 2078 1015 intelligerent
2115 907 2432 997 fastum,

180 1015 520 1096 delatores
609 1046 771 1099 non
823 1019 1121 1123 possent
1169 1020 1750 1129 apprehendere
1804 1045 1890 1100 ut
1940 1019 2235 1100 dffinm
2280 1053 2302 1096 .·
2342 1023 2426 1100 δε

181 1133 464 1236 contigit
509 1152 951 1237 utrumque.
1080 1133 1318 1225 Quod
1359 1160 1521 1213 non
1549 1131 2021 1212 inseruissem
2042 1189 2067 1223 ‚
2135 1135 2430 1214 veritus

180 1244 598 1348 opinionem
634 1243 1197 1343 jastantiae‚·nifi
1260 1246 1589 1353 probare
1631 1242 2065 1336 volumem,
2114 1245 2203 1325 in'
2248 1242 2432 1323 foro

180 1378 449 1462 quoque
496 1352 644 1434 effi:
687 1355 802 1434 his
840 1354 1107 1461 figuris
1138 1357 1428 1438 locum.
1534 1354 1912 1461 Quaedam
1973 1359 2227 1434 etiam*
2254 1381 2429 1461 quae

179 1467 466 1571 probare
511 1492 676 1545 non
718 1467 1262 1575 possis‚figura
1279 1473 1536 1577 potius
1569 1466 1987 1575 spargenda
2012 1466 2204 1548 sunt.
2241 1472 2422 1547 Hae-

177 1600 277 1657 ret
304 1581 503 1658 enim
538 1605 1100 1689 nonnunquam
1140 1582 1385 1663 telum
1417 1581 1616 1662 istud
1651 1579 2050 1661 occultum
2096 1633 2121 1670 ‚
2164 1584 2245 1659 ὅ(
2281 1579 2437 1660 hoc

176 1689 313 1794 ipso
337 1690 552 1799 quod
611 1719 774 1770 non
815 1715 1132 1800 apparet
1214 1750 1239 1787 ‚
1303 1697 1544 1774 eximi
1613 1719 1777 1773 non
1824 1690 2098 1799 potest.
2229 1696 2341 1770 At
2374 1688 2435 1770 fi

180 1800 356 1883 idem
387 1801 592 1883 dicas
624 1803 885 1910 palam
921 1861 945 1898 ,
1010 1810 1091 1887 &
1141 1805 1584 1887 defenditur
1641 1809 1722 1886 &
1775 1802 2268 1911 probandum
2311 1801 2444 1882 est.

177 1915 345 1993 Oum
374 1935 639 1995 autem
683 1915 929 1997 obstat
962 1920 1186 1999 nobis
1220 1919 2032 2025 persona-‘reverentia
2057 1970 2081 2005 ,
2145 1924 2176 2010 (
2217 1912 2441 2022 quod

177 2022 567 2108 secundum
610 2028 1005 2135 posuimus
1056 2057 1301 2136 genus
1345 2042 1375 2128 )
1442 2051 1660 2111 tanto
1683 2031 1982 2110 cautius
2022 2023 2448 2110 dicendum

171 2134 304 2227 est,
336 2159 625 2246 quanto
667 2140 992 2224 validius
1025 2137 1275 2223 bonos
1316 2142 1618 2223 inhibet
1653 2141 1954 2249 pudor,
2005 2166 2247 2248 quam
2279 2165 2450 2219 me-

174 2267 290 2329 tus.
357 2255 506 2332 Hic
547 2280 745 2336 vero
778 2277 1041 2362 tegere
1078 2282 1224 2335 nos
1266 2253 1502 2357 judex
1540 2252 1759 2362 quod
1792 2252 2140 2342 sciamus,
2168 2256 2250 2331 ὃ(
2271 2276 2446 2353 ver-

172 2358 254 2438 ba
324 2367 400 2445 vi
461 2364 805 2472 quadam
848 2372 1192 2449 veritatis
1229 2370 1723 2473 erumpentia
1756 2363 2021 2446 credat
2063 2372 2446 2443 co‘e'rcere.

171 2472 352 2553 Nam
408 2481 834 2585 quominus
891 2502 1020 2562 aut
1054 2479 1193 2587 ipsi
1231 2483 1315 2560 in
1357 2506 1554 2589 quos
1597 2478 1929 2563 dicimus
1966 2531 1996 2570 .
2052 2498 2187 2559 aut
2240 2472 2443 2578 judi-

169 2608 313 2679 coe,
358 2611 482 2670 aut
517 2589 938 2674 affistentes
993 2592 1304 2674 oderint
1356 2593 1559 2674 hanc
1597 2588 2116 2674 maledicendi
2150 2589 2442 2671 lascivi·
2522 2591 2525 2594 ’

171 2723 315 2789 am,
395 2699 453 2783 fi
492 2703 713 2785 nolle
753 2705 895 2788 nos
959 2706 1276 2787 credant
1339 2705 1364 2786 ἓ
1418 2713 1610 2787 ,Aut
1657 2702 1849 2814 quid
1899 2702 2214 2785 interest
2277 2724 2443 2808 quo

172 2809 383 2892 modo
462 2813 766 2897 dicatur
821 2875 845 2911 ‚
921 2846 1104 2899 cum
1164 2825 1248 2901 ὅ(
1280 2845 1399 2900 res
1451 2826 1532 2901 δε
1565 2821 1867 2899 animus
1900 2815 2365 2921 intelligitur
2407 2808 2434 2889 ἓ

169 2922 355 3020 Qid
392 2923 736 3036 denique
779 2930 1115 3011 dicendo
1156 2931 1605 3037 proficimus
1639 2947 1682 3021 ‚⁴
1717 2929 1855 3010 nifi
1899 2952 1986 3010 ut
2027 2928 2286 3035 palam
2319 2923 2439 3007 stt,

163 3057 290 3115 nos
336 3036 586 3120 facere
647 3097 672 3132 ‚
729 3043 948 3150 quod
1003 3043 1143 3150 ipsi
1182 3045 1501 3125 stiamus
1540 3070 1702 3125 non
1735 3042 1881 3122 effe
1916 3035 2354 3122 faciendum
2394 3041 2438 3113 ἔ

168 3149 386 3256 Atqui
431 3156 815 3261 praecipue
856 3159 1108 3263 prima
1130 3211 1153 3247 ‚
1214 3156 1490 3264 quibus
1543 3157 1959 3261 praecipere
1994 3173 2388 3259 coeperam
2413 3200 2442 3238 2

172 3277 501 3368 tempora
539 3267 702 3346 hoc*
731 3272 935 3351 'vitio
976 3269 1442 3350 laborarunt.
1508 3267 1894 3349 Dicebant
1935 3267 2149 3347 enim
2176 3265 2436 3344 -liben-

171 3389 276 3447 ter
316 3375 1094 3462 mles-*ebntroverfias
1159 3438 1183 3474 ‚
1231 3393 1416 3489 'qu‘ae
1467 3378 1947 3461 difficultatis
1995 3380 2238 3483 gratia
2282 3377 2445 3484 pla.

169 3504 373 3575 cent,
426 3513 616 3573 cum
655 3490 801 3572 fint
833 3495 1089 3576 multo
1125 3492 1528 3574 faciliores.
1623 3497 1836 3571 Nam
1870 3492 2164 3572 testum
2196 3516 2441 3595 genus

172 3599 549 3702 approbari
590 3604 727 3683 nisi
781 3607 1471 3688 maximis'viribus
1497 3631 1673 3685 non
1711 3605 1966 3711 potest
2015 3636 2041 3680 .·
2118 3603 2282 3681 haec
2325 3603 2440 3684 di-

161 3712 502 3795 vesticula
540 3721 621 3795 &
667 3718 1042 3798 anfractus
1079 3716 1586 3825 suffiigia‘sunt
1625 3718 2092 3797 infirmitatis
2125 3722 2441 3823 :surqui

149 3819 354 3924 mrffl
387 3821 675 3932 ‘pai-um
717 3831 998 3914 valent,
1038 3829 1248 3911 flexu
1287 3830 1663 3914 eludunt:
1704 3841 1885 3911 cum
1928 3833 2088 3910 haec
2132 3851 2307 3939 q‘uae
2329 3832 2445 3913 afi-

151 3930 710 4020 foetatur-ratio
751 3942 1345 4036 sententiarum,
1384 3967 1546 4024 non
1578 3944 1859 4050 procul
1893 3973 1934 4022 a
1982 3948 2283 4028 ratione
2323 3951 2440 4042 io-

150 4048 362 4133 candi
395 4054 836 4164 abhorrean
904 4053 1244 4162 Adjuvat
1277 4064 1510 4140 etiam
1557 4057 1775 4169 quod
1818 4055 2118 4166 auditor
2154 4056 2449 4252 gaudeelt

1949 4218 1953 4222 ·
2130 4229 2137 4238 -
2218 4188 2339 4252 mt
