3557 5113
780 245 1031 396 246
1265 243 1413 349 M.
1552 246 2016 350 Fauii·
2127 238 3227 382 Qiucrtttam

707 540 903 640 Cu.
924 540 1042 618 111.
1358 534 1760 611 ORDINE
1822 529 1991 636 'ipso
2049 526 2604 618 narrationem
2627 524 2962 637 sequitur
3000 525 3342 608 confirmas

1121 648 1262 724 tio.
1358 640 1751 724 Probanda
1789 640 1956 723 sunt
2022 645 2235 721 enim
2287 666 2458 747 quae
2503 664 2822 748 propter
2875 641 3019 719 hoc
3065 638 3343 748 exposui-

1124 783 1320 837 mus.
1437 755 1584 835 Sed
1626 753 2067 862 priusquam
2116 749 2504 859 ingrediar
2539 753 2734 832 hanc
2770 774 3101 860 partem,
3154 776 3343 858 pauca

1134 867 1338 948 mihi
1383 866 1484 947 de
1530 865 2032 975 quorundam
2080 866 2453 972 opinione
2514 864 2839 946 dicenda
2887 862 3062 943 sunt.
3145 860 3349 943 Pleris-

1010 986 1023 1000 ‘
1126 1008 1287 1089 que
1325 982 1576 1059 moris
1623 978 1774 1064 est,
1832 979 2139 1085 prolato
2181 1001 2451 1055 rerum
2490 970 2774 1056 ordine
2799 1031 2823 1067 ‚
2876 979 3200 1081 protinus
3243 972 3354 1053 uti-

1132 1118 1288 1200 que
1342 1095 1424 1169 in
1474 1090 1821 1198 aliquem
1878 1090 2147 1177 laetum
2196 1115 2283 1167 ac
2332 1086 2812 1193 plausibilem
2870 1088 3122 1167 locum
3153 1108 3352 1193 quam

1088 1231 1093 1236 ·
1135 1207 1479 1283 maxime
1538 1196 1829 1307 poffint
1868 1199 2397 1283 favorabiliter
2444 1227 2872 1280 excurrere.
2966 1196 3183 1301 Qod
3224 1198 3355 1304 qui·

1130 1315 1319 1396 dem
1374 1335 1646 1394 natum
1706 1312 1808 1392 ¹ab
1875 1313 2386 1394 ostentatione
2460 1310 3005 1392 declamatoria
3028 1365 3055 1402 ‚
3117 1311 3252 1413 jam
3297 1309 3357 1385 in

1131 1427 1401 1508 forum
1432 1429 1694 1508 venit,
1754 1425 2170 1533 postquam
2219 1449 2446 1530 agere
2497 1423 2752 1504 causas
2801 1450 2967 1502 non
3004 1419 3100 1502 ad
3141 1418 3358 1501 utilita-

1135 1560 1305 1618 tem
1338 1535 1828 1643 *litigatorum
1848 1591 1872 1626 ‚
1930 1533 2066 1617 sed
2102 1532 2200 1614 ad
2231 1556 2742 1639 patronorum
2786 1535 3243 1637 jactationem
3275 1554 3366 1609 re-

1133 1673 1454 1757 pertum
1505 1648 1631 1727 est.
1720 1653 1851 1725 Ne
1890 1645 1951 1725 fi
2010 1645 2269 1752 preffae
2326 1643 2445 1725 illi
2499 1645 2795 1756 (qualis
2835 1645 3088 1752 saepius
3129 1637 3363 1724 defide-

1135 1772 1397 1857 raftur)
1458 1761 1919 1838 narrationis
1988 1757 2395 1865 gracilitati
2456 1759 2866 1859 conjuncta
2938 1774 3367 1865 argumento-

1129 1900 1316 1952 rum
1353 1873 1805 1978 pugnacitas
1854 1869 2138 1959 fuerit,
2210 1866 2471 1951 ‘dilatis
2518 1868 2806 1952 diutius
2847 1866 3149 1952 dicendi
3191 1862 3366 1949 volu-

1132 1982 1468 2090 ptatibus
1502 1984 1756 2062 oratio
1801 1980 2262 2087 refrigescat.
2367 1983 2457 2060 In
2502 2008 2667 2090 quo
2695 1984 2985 2066 vitium
3035 1977 3216 2062 illud
3251 1973 3367 2057 est,

1130 2092 1351 2202 quod
1407 2092 1563 2172 fine
1600 2091 2034 2173 discrimine
2085 2092 2483 2174 *causarum
2533 2115 2766 2203 atque
2824 2094 3162 2174 utilitatis
3177 2145 3197 2183 ‚
3236 2087 3373 2168 hoc.

1132 2228 1501 2313 tanquam
1542 2202 1851 2311 semper
1886 2203 2245 2312 expediat
2267 2260 2290 2296 ‚
2346 2226 2475 2285 aut
2524 2210 2763 2286 etiam
2814 2201 3103 2288 necessb
3135 2201 3252 2290 fit,
3296 2196 3377 2276 fa-

1123 2320 1349 2398 ciunt
1375 2349 1400 2395 ς
1460 2342 1718 2424 eoque
1770 2315 2057 2397 sumtas
2116 2344 2216 2396 ex
2273 2319 2370 2419 ijs
2422 2317 2808 2424 partibus,
2869 2346 3194 2427 quarum
3233 2310 3379 2391 alius

1024 2443 1027 2446 “
1126 2450 1297 2508 erat
1324 2428 1584 2519 locus,
1627 2425 2035 2509 sententias
2086 2429 2175 2507 in
2203 2428 2407 2508 hanc
2449 2451 2937 2535 congerunt,
2979 2450 3069 2510 ut
3106 2421 3384 2537 plurima

1122 2561 1262 2620 aut
1308 2543 1597 2620 iterum
1638 2537 1972 2627 dicenda
2033 2536 2219 2633 sint,
2279 2562 2412 2621 aut
2466 2545 2645 2650 quia
2696 2540 2960 2625 alieno
3009 2539 3184 2622 loco
3224 2532 3382 2616 dicia

1127 2650 1302 2733 sunt
1324 2708 1348 2743 ‚
1386 2649 1544 2730 diei
1598 2649 1742 2731 suo
1774 2679 1940 2739 non
1981 2650 2289 2757 poffint.
2392 2658 2488 2732 Et
2531 2653 2925 2736 confiteor
2982 2656 3134 2736 hoc
3175 2646 3380 2755 exspa-

1128 2760 1378 2843 tiandi
1420 2788 1670 2869 genus
1714 2790 1886 2843 non
1933 2760 2185 2844 modo
2221 2767 2645 2846 narrationi
2666 2819 2691 2857 ‚
2745 2765 2889 2849 sed
2938 2771 3177 2847 etiam
3228 2785 3392 2869 quae⁴

1127 2872 1509 2954 stionibus
1554 2872 1685 2956 vel
1729 2872 2091 2958 univerfis
2112 2929 2138 2966 ,
2186 2875 2318 2959 vel
2368 2878 2687 2957 interim
2724 2873 3055 2987 lingulis
3073 2892 3394 2986 opponu-

1129 3012 1232 3064 ne
1286 2984 1497 3091 poste
1545 2984 1892 3093 subjungi
1955 3012 2139 3067 cum
2200 3015 2320 3068 res
2376 2987 2749 3096 postulat,
2828 3012 2963 3071 aut
3013 3009 3219 3072 certe
3262 3009 3395 3093 per-

1129 3100 1434 3180 mittit:
1533 3119 1765 3207 atque
1835 3126 1934 3179 eo
2012 3095 2141 3181 vel
2203 3103 2546 3181 maxime
2604 3097 2975 3184 illustrari
3034 3102 3395 3203 ornarique

1129 3212 1607 3301 orationem,
1673 3208 1808 3290 sed
1853 3209 1912 3291 si
1961 3211 2300 3294 cohaeret
2358 3218 2441 3296 &
2507 3211 2853 3322 sequitur
2888 3269 2918 3319 ‚
2981 3241 3145 3297 non
3185 3209 3240 3293 fi
3294 3230 3402 3314 per

1126 3325 1297 3400 Vim
1341 3343 1752 3412 cuneatur,
1805 3327 1888 3405 &
1922 3324 2099 3430 quae
2135 3348 2406 3407 natura
2445 3325 2700 3430 juncia
2733 3349 2964 3408 erant
2983 3381 3009 3420 ,
3076 3320 3402 3406 distrahit.

1125 3430 1352 3510 Nihil
1405 3436 1621 3512 enim
1666 3453 1834 3513 tam
1896 3434 2009 3514 est
2071 3437 2537 3545 consequens
2582 3491 2607 3529 ‚
2693 3461 2946 3546 quam
3028 3428 3409 3520 narrationi

1122 3541 1531 3648 probatio:
1598 3542 1738 3624 nisi
1790 3543 1847 3624 si
1907 3547 2260 3629 excursus
2304 3550 2485 3642 ille,
2550 3548 2679 3632 vel
2717 3550 2938 3660 quali
2979 3551 3156 3630 finis
3191 3568 3446 3627 narra-¹

1127 3654 1404 3742 tionis,
1465 3655 1590 3735 vel
1645 3656 1855 3762 quafi
1909 3660 2220 3740 initium
2277 3663 2750 3767 probationis
2810 3663 2951 3744 est.
3047 3665 3209 3742 Erit
3259 3680 3416 3761 ergo

1125 3763 1245 3843 illi
1306 3791 1866 3874 nonnunquam
1908 3769 2160 3853 locus:
2229 3796 2316 3852 ut
2376 3774 2438 3854 ss
2491 3772 2873 3881 expositio
2928 3777 3138 3855 circa
3205 3769 3421 3852 finem

1126 3897 1355 3957 atrox
1434 3877 1669 3958 fuerit
1703 3934 1726 3962 ‚
1801 3880 2359 3990 prosequamur
2419 3912 2594 3967 eam
2664 3888 2885 3969 velut
2983 3901 3423 3991 erumpente

1125 3989 1485 4095 protinus
1529 3988 2077 4098 indignatione.
2187 3998 2427 4110 Quod
2461 4022 2727 4111 tamen
2762 4002 2871 4082 ita
2910 3999 3099 4084 fieri
3139 4015 3432 4108 oporte-

2629 4152 2634 4155 ’
3283 4108 3379 4189 bit
3390 4153 3414 4193 ι
