<?xml version="1.0" encoding="UTF-8"?>
<!DOCTYPE html PUBLIC "-//W3C//DTD XHTML 1.0 Transitional//EN"
    "http://www.w3.org/TR/xhtml1/DTD/xhtml1-transitional.dtd">
<html xmlns="http://www.w3.org/1999/xhtml" xml:lang="en" lang="en">
 <head>
  <title>
</title>
<meta http-equiv="Content-Type" content="text/html;charset=utf-8" />
  <meta name='ocr-system' content='tesseract 3.04.00' />
  <meta name='ocr-capabilities' content='ocr_page ocr_carea ocr_par ocr_line ocrx_word'/>
</head>
<body>
  <div class='ocr_page' id='page_1' title='image "./deinstitutioneo00obregoog_0904.png"; bbox 0 0 3557 5113; ppageno 0'>
   <div class='ocr_carea' id='block_1_1' title="bbox 708 213 3165 418">
    <p class='ocr_par' dir='ltr' id='par_1_1' title="bbox 708 213 3165 418">
     <span class='ocr_line' id='line_1_1' title="bbox 708 213 3165 418; baseline -0.02 -30"><span class='ocrx_word' id='word_1_1' title='bbox 708 265 960 418; x_wconf 89' lang='lat'>764</span> <span class='ocrx_word' id='word_1_2' title='bbox 1046 371 1059 388; x_wconf 62' lang='lat'><em>„</em></span> <span class='ocrx_word' id='word_1_3' title='bbox 1215 259 1364 366; x_wconf 90' lang='lat' dir='ltr'>M.</span> <span class='ocrx_word' id='word_1_4' title='bbox 1454 213 3165 396; x_wconf 47' lang='lat' dir='ltr'>Fassu&#39;ch-rx‘mmx</span> 
     </span>
    </p>
   </div>
   <div class='ocr_carea' id='block_1_2' title="bbox 644 522 3353 1647">
    <p class='ocr_par' dir='ltr' id='par_1_2' title="bbox 644 522 3353 1647">
     <span class='ocr_line' id='line_1_2' title="bbox 644 522 3350 660; baseline -0.015 -22"><span class='ocrx_word' id='word_1_5' title='bbox 644 522 978 619; x_wconf 48' lang='lat' dir='ltr'>“ffixl·</span> <span class='ocrx_word' id='word_1_6' title='bbox 1058 554 1239 660; x_wconf 80' lang='lat' dir='ltr'>gior</span> <span class='ocrx_word' id='word_1_7' title='bbox 1275 544 1435 636; x_wconf 53' lang='lat' dir='ltr'>ests</span> <span class='ocrx_word' id='word_1_8' title='bbox 1481 541 1951 645; x_wconf 83' lang='lat' dir='ltr'>adjuvarent.</span> <span class='ocrx_word' id='word_1_9' title='bbox 2021 541 2252 617; x_wconf 88' lang='lat' dir='ltr'>Nunc</span> <span class='ocrx_word' id='word_1_10' title='bbox 2291 541 2834 638; x_wconf 83' lang='lat' dir='ltr'>computamus</span> <span class='ocrx_word' id='word_1_11' title='bbox 2865 547 3170 610; x_wconf 75' lang='lat' dir='ltr'>annos,</span> <span class='ocrx_word' id='word_1_12' title='bbox 3196 543 3350 598; x_wconf 77' lang='lat' dir='ltr'>non</span> 
     </span>
     <span class='ocr_line' id='line_1_3' title="bbox 1067 625 3352 772; baseline -0.016 -28"><span class='ocrx_word' id='word_1_13' title='bbox 1067 661 1341 772; x_wconf 86' lang='lat' dir='ltr'>quibus</span> <span class='ocrx_word' id='word_1_14' title='bbox 1373 657 1832 738; x_wconf 81' lang='lat' dir='ltr'>studuimus,</span> <span class='ocrx_word' id='word_1_15' title='bbox 1881 647 2006 729; x_wconf 68' lang='lat' dir='ltr'>sed</span> <span class='ocrx_word' id='word_1_16' title='bbox 2044 648 2318 756; x_wconf 86' lang='lat' dir='ltr'>quibus</span> <span class='ocrx_word' id='word_1_17' title='bbox 2357 648 2702 726; x_wconf 71' lang='lat' dir='ltr'>viximus».</span> <span class='ocrx_word' id='word_1_18' title='bbox 2817 644 2988 716; x_wconf 87' lang='lat' dir='ltr'>Nec</span> <span class='ocrx_word' id='word_1_19' title='bbox 3056 660 3258 714; x_wconf 83' lang='lat' dir='ltr'>vero</span> <span class='ocrx_word' id='word_1_20' title='bbox 3302 625 3352 709; x_wconf 79' lang='lat' dir='ltr'>fi</span> 
     </span>
     <span class='ocr_line' id='line_1_4' title="bbox 1075 746 3352 858; baseline -0.016 -2"><span class='ocrx_word' id='word_1_21' title='bbox 1075 781 1516 855; x_wconf 80' lang='lat' dir='ltr'>Geometrae</span> <span class='ocrx_word' id='word_1_22' title='bbox 1554 824 1576 858; x_wconf 84' lang='lat'>‚</span> <span class='ocrx_word' id='word_1_23' title='bbox 1650 773 1727 846; x_wconf 72' lang='grc' dir='ltr'>ὅ(</span> <span class='ocrx_word' id='word_1_24' title='bbox 1768 762 2281 842; x_wconf 85' lang='lat' dir='ltr'>Grammatici</span> <span class='ocrx_word' id='word_1_25' title='bbox 2318 811 2339 848; x_wconf 91' lang='lat'>,</span> <span class='ocrx_word' id='word_1_26' title='bbox 2419 774 3028 856; x_wconf 72' lang='lat' dir='ltr'>caeterarumque</span> <span class='ocrx_word' id='word_1_27' title='bbox 3069 746 3352 825; x_wconf 84' lang='lat' dir='ltr'>artium</span> 
     </span>
     <span class='ocr_line' id='line_1_5' title="bbox 1071 854 3350 994; baseline -0.016 -28"><span class='ocrx_word' id='word_1_28' title='bbox 1071 882 1525 994; x_wconf 80' lang='lat' dir='ltr'>professores</span> <span class='ocrx_word' id='word_1_29' title='bbox 1548 902 1872 958; x_wconf 89' lang='lat' dir='ltr'>omnem</span> <span class='ocrx_word' id='word_1_30' title='bbox 1907 871 2112 951; x_wconf 86' lang='lat' dir='ltr'>suam</span> <span class='ocrx_word' id='word_1_31' title='bbox 2144 873 2416 951; x_wconf 85' lang='lat' dir='ltr'>vitam,</span> <span class='ocrx_word' id='word_1_32' title='bbox 2471 862 2889 972; x_wconf 84' lang='lat' dir='ltr'>quamlibet</span> <span class='ocrx_word' id='word_1_33' title='bbox 2921 860 3171 963; x_wconf 83' lang='lat' dir='ltr'>longa</span> <span class='ocrx_word' id='word_1_34' title='bbox 3193 854 3350 933; x_wconf 82' lang='lat' dir='ltr'>fue-</span> 
     </span>
     <span class='ocr_line' id='line_1_6' title="bbox 1078 969 3343 1097; baseline -0.016 -19"><span class='ocrx_word' id='word_1_35' title='bbox 1078 999 1183 1079; x_wconf 86' lang='lat' dir='ltr'>rit</span> <span class='ocrx_word' id='word_1_36' title='bbox 1217 1051 1242 1086; x_wconf 92' lang='lat'>,</span> <span class='ocrx_word' id='word_1_37' title='bbox 1311 997 1392 1072; x_wconf 85' lang='lat' dir='ltr'>in</span> <span class='ocrx_word' id='word_1_38' title='bbox 1444 987 1748 1097; x_wconf 74' lang='lat' dir='ltr'>singulis</span> <span class='ocrx_word' id='word_1_39' title='bbox 1816 984 2096 1064; x_wconf 85' lang='lat' dir='ltr'>artibus</span> <span class='ocrx_word' id='word_1_40' title='bbox 2151 976 2730 1060; x_wconf 68' lang='lat' dir='ltr'>consumserunt</span> <span class='ocrx_word' id='word_1_41' title='bbox 2774 1028 2798 1064; x_wconf 89' lang='lat'>‚</span> <span class='ocrx_word' id='word_1_42' title='bbox 2859 969 3208 1078; x_wconf 84' lang='lat' dir='ltr'>sequitur</span> <span class='ocrx_word' id='word_1_43' title='bbox 3258 984 3343 1043; x_wconf 85' lang='lat' dir='ltr'>ut</span> 
     </span>
     <span class='ocr_line' id='line_1_7' title="bbox 1072 1080 3343 1214; baseline -0.014 -28"><span class='ocrx_word' id='word_1_44' title='bbox 1072 1107 1331 1214; x_wconf 90' lang='lat' dir='ltr'>plures</span> <span class='ocrx_word' id='word_1_45' title='bbox 1358 1101 1719 1212; x_wconf 87' lang='lat' dir='ltr'>quasdam</span> <span class='ocrx_word' id='word_1_46' title='bbox 1771 1099 1962 1177; x_wconf 83' lang='lat' dir='ltr'>vitas</span> <span class='ocrx_word' id='word_1_47' title='bbox 1991 1092 2088 1175; x_wconf 90' lang='lat' dir='ltr'>ad</span> <span class='ocrx_word' id='word_1_48' title='bbox 2130 1093 2354 1198; x_wconf 88' lang='lat' dir='ltr'>plura</span> <span class='ocrx_word' id='word_1_49' title='bbox 2399 1085 2754 1169; x_wconf 88' lang='lat' dir='ltr'>discenda</span> <span class='ocrx_word' id='word_1_50' title='bbox 2800 1080 3343 1161; x_wconf 58' lang='lat' dir='ltr'>desideremus</span> 
     </span>
     <span class='ocr_line' id='line_1_8' title="bbox 1074 1186 3353 1324; baseline -0.015 -24"><span class='ocrx_word' id='word_1_51' title='bbox 1074 1225 1356 1324; x_wconf 85' lang='lat' dir='ltr'>Neque</span> <span class='ocrx_word' id='word_1_52' title='bbox 1391 1214 1507 1294; x_wconf 78' lang='lat' dir='ltr'>illi</span> <span class='ocrx_word' id='word_1_53' title='bbox 1545 1211 1982 1292; x_wconf 83' lang='lat' dir='ltr'>didicerunt</span> <span class='ocrx_word' id='word_1_54' title='bbox 2025 1207 2184 1286; x_wconf 72' lang='lat' dir='ltr'>haec</span> <span class='ocrx_word' id='word_1_55' title='bbox 2239 1204 2474 1309; x_wconf 88' lang='lat' dir='ltr'>usque</span> <span class='ocrx_word' id='word_1_56' title='bbox 2513 1204 2598 1280; x_wconf 78' lang='lat' dir='ltr'>in</span> <span class='ocrx_word' id='word_1_57' title='bbox 2646 1196 3126 1276; x_wconf 66' lang='lat' dir='ltr'>senestutern</span> <span class='ocrx_word' id='word_1_58' title='bbox 3158 1242 3181 1278; x_wconf 86' lang='lat'><strong>,</strong></span> <span class='ocrx_word' id='word_1_59' title='bbox 3227 1186 3353 1266; x_wconf 77' lang='lat' dir='ltr'>led</span> 
     </span>
     <span class='ocr_line' id='line_1_9' title="bbox 1073 1305 3348 1411; baseline -0.015 0"><span class='ocrx_word' id='word_1_60' title='bbox 1073 1353 1167 1411; x_wconf 85' lang='lat' dir='ltr'>ea</span> <span class='ocrx_word' id='word_1_61' title='bbox 1209 1325 1365 1408; x_wconf 87' lang='lat' dir='ltr'>sola</span> <span class='ocrx_word' id='word_1_62' title='bbox 1411 1318 1746 1405; x_wconf 80' lang='lat' dir='ltr'>didiciffe</span> <span class='ocrx_word' id='word_1_63' title='bbox 1783 1322 2126 1399; x_wconf 84' lang='lat' dir='ltr'>contenti</span> <span class='ocrx_word' id='word_1_64' title='bbox 2159 1316 2466 1395; x_wconf 85' lang='lat' dir='ltr'>fuerunt</span> <span class='ocrx_word' id='word_1_65' title='bbox 2500 1368 2525 1403; x_wconf 86' lang='lat'>‚</span> <span class='ocrx_word' id='word_1_66' title='bbox 2580 1338 2668 1389; x_wconf 82' lang='lat' dir='ltr'>ac</span> <span class='ocrx_word' id='word_1_67' title='bbox 2699 1329 2820 1389; x_wconf 91' lang='lat' dir='ltr'>tot</span> <span class='ocrx_word' id='word_1_68' title='bbox 2860 1331 3116 1385; x_wconf 88' lang='lat' dir='ltr'>annos</span> <span class='ocrx_word' id='word_1_69' title='bbox 3158 1305 3237 1379; x_wconf 84' lang='lat' dir='ltr'>in</span> <span class='ocrx_word' id='word_1_70' title='bbox 3267 1326 3348 1379; x_wconf 70' lang='lat' dir='ltr'>n⁴</span> 
     </span>
     <span class='ocr_line' id='line_1_10' title="bbox 1081 1422 3352 1537; baseline -0.016 -13"><span class='ocrx_word' id='word_1_71' title='bbox 1081 1436 1321 1524; x_wconf 89' lang='lat' dir='ltr'>tendo</span> <span class='ocrx_word' id='word_1_72' title='bbox 1344 1494 1365 1523; x_wconf 84' lang='lat'>‚</span> <span class='ocrx_word' id='word_1_73' title='bbox 1402 1464 1565 1516; x_wconf 89' lang='lat' dir='ltr'>non</span> <span class='ocrx_word' id='word_1_74' title='bbox 1599 1439 1680 1514; x_wconf 90' lang='lat' dir='ltr'>in</span> <span class='ocrx_word' id='word_1_75' title='bbox 1731 1425 2230 1537; x_wconf 88' lang='lat' dir='ltr'>percipiendo</span> <span class='ocrx_word' id='word_1_76' title='bbox 2266 1422 2787 1505; x_wconf 83' lang='lat' dir='ltr'>exhauserunt.</span> <span class='ocrx_word' id='word_1_77' title='bbox 2850 1424 3254 1497; x_wconf 81' lang='lat' dir='ltr'>Caeterurn</span> <span class='ocrx_word' id='word_1_78' title='bbox 3277 1431 3352 1489; x_wconf 74' lang='lat' dir='ltr'>tt</span> 
     </span>
     <span class='ocr_line' id='line_1_11' title="bbox 1073 1533 3352 1647; baseline -0.014 -14"><span class='ocrx_word' id='word_1_79' title='bbox 1073 1552 1175 1635; x_wconf 88' lang='lat' dir='ltr'>de</span> <span class='ocrx_word' id='word_1_80' title='bbox 1217 1556 1574 1632; x_wconf 88' lang='lat' dir='ltr'>Homero</span> <span class='ocrx_word' id='word_1_81' title='bbox 1603 1567 1895 1624; x_wconf 85' lang='lat' dir='ltr'>taceam</span> <span class='ocrx_word' id='word_1_82' title='bbox 1928 1597 1950 1630; x_wconf 89' lang='lat'>‚</span> <span class='ocrx_word' id='word_1_83' title='bbox 2010 1544 2088 1619; x_wconf 89' lang='lat' dir='ltr'>in</span> <span class='ocrx_word' id='word_1_84' title='bbox 2126 1566 2286 1647; x_wconf 85' lang='lat' dir='ltr'>quo</span> <span class='ocrx_word' id='word_1_85' title='bbox 2320 1535 2604 1615; x_wconf 88' lang='lat' dir='ltr'>nullius</span> <span class='ocrx_word' id='word_1_86' title='bbox 2627 1558 2788 1612; x_wconf 86' lang='lat' dir='ltr'>non</span> <span class='ocrx_word' id='word_1_87' title='bbox 2808 1533 2990 1608; x_wconf 83' lang='lat' dir='ltr'>artis</span> <span class='ocrx_word' id='word_1_88' title='bbox 3015 1548 3159 1606; x_wconf 89' lang='lat' dir='ltr'>aut</span> <span class='ocrx_word' id='word_1_89' title='bbox 3191 1550 3352 1631; x_wconf 84' lang='lat' dir='ltr'>per-</span> 
     </span>
    </p>
   </div>
   <div class='ocr_carea' id='block_1_3' title="bbox 1074 1638 3351 1875">
    <p class='ocr_par' dir='ltr' id='par_1_3' title="bbox 1074 1638 3351 1875">
     <span class='ocr_line' id='line_1_12' title="bbox 1074 1638 3350 1753; baseline -0.014 -8"><span class='ocrx_word' id='word_1_90' title='bbox 1074 1663 1272 1745; x_wconf 67' lang='lat' dir='ltr'>festa</span> <span class='ocrx_word' id='word_1_91' title='bbox 1308 1680 1433 1741; x_wconf 87' lang='lat' dir='ltr'>aut</span> <span class='ocrx_word' id='word_1_92' title='bbox 1469 1678 1670 1738; x_wconf 87' lang='lat' dir='ltr'>certe</span> <span class='ocrx_word' id='word_1_93' title='bbox 1710 1681 1872 1733; x_wconf 88' lang='lat' dir='ltr'>non</span> <span class='ocrx_word' id='word_1_94' title='bbox 1900 1650 2129 1731; x_wconf 87' lang='lat' dir='ltr'>dubia</span> <span class='ocrx_word' id='word_1_95' title='bbox 2182 1650 2491 1753; x_wconf 85' lang='lat' dir='ltr'>vestigia</span> <span class='ocrx_word' id='word_1_96' title='bbox 2529 1647 3021 1751; x_wconf 87' lang='lat' dir='ltr'>reperiuntur</span> <span class='ocrx_word' id='word_1_97' title='bbox 3058 1670 3080 1719; x_wconf 72' lang='grc' dir='ltr'><strong><em>ε</em></strong></span> <span class='ocrx_word' id='word_1_98' title='bbox 3146 1659 3233 1717; x_wconf 90' lang='lat' dir='ltr'>ut</span> <span class='ocrx_word' id='word_1_99' title='bbox 3267 1638 3350 1713; x_wconf 84' lang='lat' dir='ltr'>E·</span> 
     </span>
     <span class='ocr_line' id='line_1_13' title="bbox 1077 1743 3351 1875; baseline -0.013 -21"><span class='ocrx_word' id='word_1_100' title='bbox 1077 1775 1292 1854; x_wconf 84' lang='lat' dir='ltr'>lcum</span> <span class='ocrx_word' id='word_1_101' title='bbox 1330 1772 1702 1875; x_wconf 84' lang='lat' dir='ltr'>Hippiam</span> <span class='ocrx_word' id='word_1_102' title='bbox 1759 1762 2128 1843; x_wconf 85' lang='lat' dir='ltr'>transeam</span> <span class='ocrx_word' id='word_1_103' title='bbox 2167 1817 2188 1846; x_wconf 86' lang='lat'>‚</span> <span class='ocrx_word' id='word_1_104' title='bbox 2233 1763 2367 1867; x_wconf 87' lang='lat' dir='ltr'>qui</span> <span class='ocrx_word' id='word_1_105' title='bbox 2406 1785 2566 1837; x_wconf 89' lang='lat' dir='ltr'>non</span> <span class='ocrx_word' id='word_1_106' title='bbox 2617 1753 3058 1834; x_wconf 85' lang='lat' dir='ltr'>liberalium</span> <span class='ocrx_word' id='word_1_107' title='bbox 3111 1743 3351 1827; x_wconf 85' lang='lat' dir='ltr'>modo</span> 
     </span>
    </p>
   </div>
   <div class='ocr_carea' id='block_1_4' title="bbox 1078 1861 3350 2201">
    <p class='ocr_par' dir='ltr' id='par_1_4' title="bbox 1078 1861 3350 2201">
     <span class='ocr_line' id='line_1_14' title="bbox 1078 1861 3343 1988; baseline -0.013 -25"><span class='ocrx_word' id='word_1_108' title='bbox 1078 1881 1655 1988; x_wconf 80' lang='lat' dir='ltr'>disciplinarum</span> <span class='ocrx_word' id='word_1_109' title='bbox 1706 1902 1864 1983; x_wconf 85' lang='lat' dir='ltr'>prae</span> <span class='ocrx_word' id='word_1_110' title='bbox 1903 1871 1976 1953; x_wconf 89' lang='lat' dir='ltr'>se</span> <span class='ocrx_word' id='word_1_111' title='bbox 2015 1871 2406 1953; x_wconf 85' lang='lat' dir='ltr'>scientiam</span> <span class='ocrx_word' id='word_1_112' title='bbox 2443 1871 2668 1958; x_wconf 84' lang='lat' dir='ltr'>tulit,</span> <span class='ocrx_word' id='word_1_113' title='bbox 2732 1864 2862 1944; x_wconf 91' lang='lat' dir='ltr'>sed</span> <span class='ocrx_word' id='word_1_114' title='bbox 2912 1861 3226 1945; x_wconf 80' lang='lat' dir='ltr'>vestem,</span> <span class='ocrx_word' id='word_1_115' title='bbox 3258 1862 3343 1934; x_wconf 71' lang='grc' dir='ltr'>ὅτ</span> 
     </span>
     <span class='ocr_line' id='line_1_15' title="bbox 1078 1969 3326 2092; baseline -0.012 -18"><span class='ocrx_word' id='word_1_116' title='bbox 1078 1992 1451 2075; x_wconf 85' lang='lat' dir='ltr'>annulum</span> <span class='ocrx_word' id='word_1_117' title='bbox 1488 2047 1509 2074; x_wconf 85' lang='lat'><em>,</em></span> <span class='ocrx_word' id='word_1_118' title='bbox 1564 1985 2099 2092; x_wconf 84' lang='lat' dir='ltr'>crepidasque‚</span> <span class='ocrx_word' id='word_1_119' title='bbox 2158 2010 2328 2092; x_wconf 76' lang='lat' dir='ltr'>qua:</span> <span class='ocrx_word' id='word_1_120' title='bbox 2368 1982 2636 2060; x_wconf 87' lang='lat' dir='ltr'>omnia</span> <span class='ocrx_word' id='word_1_121' title='bbox 2678 2004 2922 2057; x_wconf 86' lang='lat' dir='ltr'>manu</span> <span class='ocrx_word' id='word_1_122' title='bbox 2980 1974 3102 2053; x_wconf 88' lang='lat' dir='ltr'>sua</span> <span class='ocrx_word' id='word_1_123' title='bbox 3145 1969 3326 2048; x_wconf 73' lang='lat' dir='ltr'>feee-</span> 
     </span>
     <span class='ocr_line' id='line_1_16' title="bbox 1080 2082 3350 2201; baseline -0.011 -16"><span class='ocrx_word' id='word_1_124' title='bbox 1080 2125 1203 2185; x_wconf 86' lang='lat' dir='ltr'>rat</span> <span class='ocrx_word' id='word_1_125' title='bbox 1245 2160 1268 2188; x_wconf 88' lang='grc'><strong><em>,</em></strong></span> <span class='ocrx_word' id='word_1_126' title='bbox 1327 2106 1413 2182; x_wconf 91' lang='lat' dir='ltr'>in</span> <span class='ocrx_word' id='word_1_127' title='bbox 1447 2100 1584 2181; x_wconf 87' lang='lat' dir='ltr'>usu</span> <span class='ocrx_word' id='word_1_128' title='bbox 1632 2098 2191 2201; x_wconf 86' lang='lat' dir='ltr'>habuit,atque</span> <span class='ocrx_word' id='word_1_129' title='bbox 2231 2098 2334 2174; x_wconf 88' lang='lat' dir='ltr'>ita</span> <span class='ocrx_word' id='word_1_130' title='bbox 2376 2091 2449 2172; x_wconf 91' lang='lat' dir='ltr'>se</span> <span class='ocrx_word' id='word_1_131' title='bbox 2477 2090 2982 2198; x_wconf 77' lang='lat' dir='ltr'>praepamvit.</span> <span class='ocrx_word' id='word_1_132' title='bbox 3009 2113 3110 2165; x_wconf 87' lang='lat' dir='ltr'>ne</span> <span class='ocrx_word' id='word_1_133' title='bbox 3146 2082 3350 2184; x_wconf 60' lang='lat' dir='ltr'>cujus</span> 
     </span>
    </p>
   </div>
   <div class='ocr_carea' id='block_1_5' title="bbox 1077 2201 3358 2387">
    <p class='ocr_par' dir='ltr' id='par_1_5' title="bbox 1077 2201 3358 2387">
     <span class='ocr_line' id='line_1_17' title="bbox 1077 2201 3358 2387; baseline -0.01 -90"><span class='ocrx_word' id='word_1_134' title='bbox 1077 2214 1387 2297; x_wconf 84' lang='lat' dir='ltr'>alterius</span> <span class='ocrx_word' id='word_1_135' title='bbox 1428 2238 1580 2318; x_wconf 87' lang='lat' dir='ltr'>ope</span> <span class='ocrx_word' id='word_1_136' title='bbox 1620 2231 1884 2316; x_wconf 86' lang='lat' dir='ltr'>egeret</span> <span class='ocrx_word' id='word_1_137' title='bbox 1919 2264 1944 2299; x_wconf 83' lang='lat'>,</span> <span class='ocrx_word' id='word_1_138' title='bbox 1976 2234 2173 2290; x_wconf 86' lang='lat' dir='ltr'>neve</span> <span class='ocrx_word' id='word_1_139' title='bbox 2214 2204 2439 2286; x_wconf 88' lang='lat' dir='ltr'>ullius</span> <span class='ocrx_word' id='word_1_140' title='bbox 2476 2207 2589 2284; x_wconf 89' lang='lat' dir='ltr'>rei</span> <span class='ocrx_word' id='word_1_141' title='bbox 2610 2238 2638 2279; x_wconf 90' lang='lat'>.·</span> <span class='ocrx_word' id='word_1_142' title='bbox 2687 2201 3020 2304; x_wconf 79' lang='lat' dir='ltr'>Gorgias</span> <span class='ocrx_word' id='word_1_143' title='bbox 3043 2217 3358 2387; x_wconf 53' lang='grc' dir='ltr'>ἕξοιμι</span> 
     </span>
    </p>
   </div>
   <div class='ocr_carea' id='block_1_6' title="bbox 1083 2312 3383 4180">
    <p class='ocr_par' dir='ltr' id='par_1_6' title="bbox 1083 2312 3383 4180">
     <span class='ocr_line' id='line_1_18' title="bbox 1083 2312 3322 2427; baseline -0.009 -20"><span class='ocrx_word' id='word_1_144' title='bbox 1083 2327 1404 2407; x_wconf 74' lang='lat' dir='ltr'>summat</span> <span class='ocrx_word' id='word_1_145' title='bbox 1493 2323 1891 2408; x_wconf 67' lang='lat' dir='ltr'>senectutis</span> <span class='ocrx_word' id='word_1_146' title='bbox 1945 2372 1972 2409; x_wconf 83' lang='lat'>,</span> <span class='ocrx_word' id='word_1_147' title='bbox 2082 2343 2426 2427; x_wconf 85' lang='lat' dir='ltr'>quaerere</span> <span class='ocrx_word' id='word_1_148' title='bbox 2507 2312 2898 2395; x_wconf 81' lang='lat' dir='ltr'>auditores</span> <span class='ocrx_word' id='word_1_149' title='bbox 2933 2366 2962 2414; x_wconf 82' lang='lat'>‚</span> <span class='ocrx_word' id='word_1_150' title='bbox 3295 2387 3322 2406; x_wconf 67' lang='lat'><em>„</em></span> 
     </span>
     <span class='ocr_line' id='line_1_19' title="bbox 1085 2415 3360 2546; baseline -0.011 -27"><span class='ocrx_word' id='word_1_151' title='bbox 1085 2437 1411 2546; x_wconf 88' lang='lat' dir='ltr'>quisque</span> <span class='ocrx_word' id='word_1_152' title='bbox 1445 2433 1681 2519; x_wconf 82' lang='lat' dir='ltr'>vellet</span> <span class='ocrx_word' id='word_1_153' title='bbox 1701 2475 1729 2518; x_wconf 9' lang='grc' dir='ltr'>,κ</span> <span class='ocrx_word' id='word_1_154' title='bbox 1775 2429 2102 2533; x_wconf 80' lang='lat' dir='ltr'>jubebat.</span> <span class='ocrx_word' id='word_1_155' title='bbox 2190 2434 2381 2524; x_wconf 81' lang='lat' dir='ltr'>Quae</span> <span class='ocrx_word' id='word_1_156' title='bbox 2415 2424 2734 2506; x_wconf 45' lang='lat' dir='ltr'>*tandem</span> <span class='ocrx_word' id='word_1_157' title='bbox 2769 2451 2890 2503; x_wconf 87' lang='lat' dir='ltr'>ars</span> <span class='ocrx_word' id='word_1_158' title='bbox 2934 2419 3175 2526; x_wconf 86' lang='lat' dir='ltr'>digna</span> <span class='ocrx_word' id='word_1_159' title='bbox 3201 2415 3360 2495; x_wconf 65' lang='lat' dir='ltr'>tite-</span> 
     </span>
     <span class='ocr_line' id='line_1_20' title="bbox 1089 2528 3368 2644; baseline -0.01 -13"><span class='ocrx_word' id='word_1_160' title='bbox 1089 2554 1196 2631; x_wconf 85' lang='lat' dir='ltr'>ris</span> <span class='ocrx_word' id='word_1_161' title='bbox 1240 2549 1563 2630; x_wconf 64' lang='lat' dir='ltr'>Platoni*</span> <span class='ocrx_word' id='word_1_162' title='bbox 1598 2544 1846 2627; x_wconf 84' lang='lat' dir='ltr'>defuit</span> <span class='ocrx_word' id='word_1_163' title='bbox 1887 2543 1913 2625; x_wconf 72' lang='grc' dir='ltr'><strong><em>ἓ</em></strong></span> <span class='ocrx_word' id='word_1_164' title='bbox 1977 2544 2195 2644; x_wconf 82' lang='lat' dir='ltr'>Qot</span> <span class='ocrx_word' id='word_1_165' title='bbox 2244 2538 2510 2620; x_wconf 86' lang='lat' dir='ltr'>seculis</span> <span class='ocrx_word' id='word_1_166' title='bbox 2559 2531 3011 2618; x_wconf 86' lang='lat' dir='ltr'>Aristoteles</span> <span class='ocrx_word' id='word_1_167' title='bbox 3079 2528 3368 2619; x_wconf 75' lang='lat' dir='ltr'>didicit,</span> 
     </span>
     <span class='ocr_line' id='line_1_21' title="bbox 1091 2650 3369 2764; baseline -0.008 -24"><span class='ocrx_word' id='word_1_168' title='bbox 1091 2682 1179 2740; x_wconf 89' lang='lat' dir='ltr'>ut</span> <span class='ocrx_word' id='word_1_169' title='bbox 1212 2687 1376 2741; x_wconf 90' lang='lat' dir='ltr'>non</span> <span class='ocrx_word' id='word_1_170' title='bbox 1413 2658 1663 2738; x_wconf 88' lang='lat' dir='ltr'>solum</span> <span class='ocrx_word' id='word_1_171' title='bbox 1691 2682 1866 2764; x_wconf 81' lang='lat' dir='ltr'>qua:</span> <span class='ocrx_word' id='word_1_172' title='bbox 1899 2653 1995 2734; x_wconf 86' lang='lat' dir='ltr'>ad</span> <span class='ocrx_word' id='word_1_173' title='bbox 2023 2650 2527 2759; x_wconf 81' lang='lat' dir='ltr'>philosophos</span> <span class='ocrx_word' id='word_1_174' title='bbox 2551 2673 2626 2730; x_wconf 89' lang='lat' dir='ltr'>at</span> <span class='ocrx_word' id='word_1_175' title='bbox 2681 2677 2779 2730; x_wconf 90' lang='lat' dir='ltr'>ue</span> <span class='ocrx_word' id='word_1_176' title='bbox 2798 2651 3178 2727; x_wconf 82' lang='lat' dir='ltr'>Oratores</span> <span class='ocrx_word' id='word_1_177' title='bbox 3213 2668 3369 2749; x_wconf 81' lang='lat' dir='ltr'>per·</span> 
     </span>
     <span class='ocr_line' id='line_1_22' title="bbox 1096 2752 3364 2870; baseline -0.009 -19"><span class='ocrx_word' id='word_1_178' title='bbox 1096 2774 1349 2851; x_wconf 71' lang='lat' dir='ltr'>tinent</span> <span class='ocrx_word' id='word_1_179' title='bbox 1381 2822 1407 2860; x_wconf 88' lang='lat'><strong>,</strong></span> <span class='ocrx_word' id='word_1_180' title='bbox 1452 2767 1759 2847; x_wconf 83' lang='lat' dir='ltr'>scientia</span> <span class='ocrx_word' id='word_1_181' title='bbox 1794 2761 2449 2870; x_wconf 59' lang='lat' dir='ltr'>compleAEteretur</span> <span class='ocrx_word' id='word_1_182' title='bbox 2475 2817 2500 2854; x_wconf 89' lang='lat'>,</span> <span class='ocrx_word' id='word_1_183' title='bbox 2566 2760 2639 2841; x_wconf 89' lang='lat' dir='ltr'>se</span> <span class='ocrx_word' id='word_1_184' title='bbox 2748 2757 3219 2840; x_wconf 84' lang='lat' dir='ltr'>animalium</span> <span class='ocrx_word' id='word_1_185' title='bbox 3267 2752 3364 2831; x_wconf 63' lang='grc' dir='ltr'>ίὶιὲ</span> 
     </span>
     <span class='ocr_line' id='line_1_23' title="bbox 1092 2867 3364 2987; baseline -0.008 -25"><span class='ocrx_word' id='word_1_186' title='bbox 1092 2902 1512 2987; x_wconf 87' lang='lat' dir='ltr'>torumque</span> <span class='ocrx_word' id='word_1_187' title='bbox 1559 2898 1863 2960; x_wconf 88' lang='lat' dir='ltr'>naturas</span> <span class='ocrx_word' id='word_1_188' title='bbox 1892 2888 2167 2955; x_wconf 81' lang='lat' dir='ltr'>ornnes</span> <span class='ocrx_word' id='word_1_189' title='bbox 2200 2870 2733 2986; x_wconf 76' lang='lat' dir='ltr'>perquireret?</span> <span class='ocrx_word' id='word_1_190' title='bbox 2783 2869 2948 2950; x_wconf 84' lang='lat' dir='ltr'>Illis</span> <span class='ocrx_word' id='word_1_191' title='bbox 2964 2873 3193 2948; x_wconf 73' lang='lat' dir='ltr'>enirn</span> <span class='ocrx_word' id='word_1_192' title='bbox 3213 2867 3364 2944; x_wconf 77' lang='lat' dir='ltr'>haec</span> 
     </span>
     <span class='ocr_line' id='line_1_24' title="bbox 1090 2979 3360 3093; baseline -0.008 -20"><span class='ocrx_word' id='word_1_193' title='bbox 1090 2989 1556 3075; x_wconf 88' lang='lat' dir='ltr'>invenienda</span> <span class='ocrx_word' id='word_1_194' title='bbox 1606 2990 1919 3071; x_wconf 88' lang='lat' dir='ltr'>fuerunt</span> <span class='ocrx_word' id='word_1_195' title='bbox 1959 3039 1985 3079; x_wconf 83' lang='lat'>,</span> <span class='ocrx_word' id='word_1_196' title='bbox 2055 2986 2280 3067; x_wconf 86' lang='lat' dir='ltr'>nobis</span> <span class='ocrx_word' id='word_1_197' title='bbox 2347 2981 2880 3093; x_wconf 88' lang='lat' dir='ltr'>cognoscenda</span> <span class='ocrx_word' id='word_1_198' title='bbox 2929 2979 3131 3060; x_wconf 87' lang='lat' dir='ltr'>sunt.</span> <span class='ocrx_word' id='word_1_199' title='bbox 3213 2981 3360 3057; x_wconf 80' lang='lat' dir='ltr'>Tot</span> 
     </span>
     <span class='ocr_line' id='line_1_25' title="bbox 1090 3093 3372 3212; baseline -0.004 -27"><span class='ocrx_word' id='word_1_200' title='bbox 1090 3132 1237 3185; x_wconf 86' lang='lat' dir='ltr'>nos</span> <span class='ocrx_word' id='word_1_201' title='bbox 1278 3101 1873 3212; x_wconf 81' lang='lat' dir='ltr'>praecepton&#39;bus</span> <span class='ocrx_word' id='word_1_202' title='bbox 1908 3154 1933 3187; x_wconf 75' lang='grc'><strong>,</strong></span> <span class='ocrx_word' id='word_1_203' title='bbox 1993 3117 2116 3177; x_wconf 83' lang='lat' dir='ltr'>tot</span> <span class='ocrx_word' id='word_1_204' title='bbox 2139 3098 2519 3206; x_wconf 79' lang='lat' dir='ltr'>exemplis</span> <span class='ocrx_word' id='word_1_205' title='bbox 2548 3093 2904 3177; x_wconf 73' lang='lat' dir='ltr'>iustruxit</span> <span class='ocrx_word' id='word_1_206' title='bbox 2930 3093 3372 3199; x_wconf 65' lang='lat' dir='ltr'>antiquitas</span> 
     </span>
     <span class='ocr_line' id='line_1_26' title="bbox 1087 3202 3375 3321; baseline -0.007 -23"><span class='ocrx_word' id='word_1_207' title='bbox 1087 3236 1175 3298; x_wconf 84' lang='lat' dir='ltr'>ut</span> <span class='ocrx_word' id='word_1_208' title='bbox 1216 3241 1381 3295; x_wconf 85' lang='lat' dir='ltr'>non</span> <span class='ocrx_word' id='word_1_209' title='bbox 1413 3210 1647 3321; x_wconf 75' lang='lat' dir='ltr'>poss‘it</span> <span class='ocrx_word' id='word_1_210' title='bbox 1685 3210 1935 3297; x_wconf 84' lang='lat' dir='ltr'>videri</span> <span class='ocrx_word' id='word_1_211' title='bbox 1969 3207 2132 3290; x_wconf 89' lang='lat' dir='ltr'>u11a</span> <span class='ocrx_word' id='word_1_212' title='bbox 2184 3208 2386 3291; x_wconf 86' lang='lat' dir='ltr'>sorte</span> <span class='ocrx_word' id='word_1_213' title='bbox 2426 3205 2783 3290; x_wconf 86' lang='lat' dir='ltr'>nascendi</span> <span class='ocrx_word' id='word_1_214' title='bbox 2839 3227 3011 3286; x_wconf 79' lang='lat' dir='ltr'>aetas</span> <span class='ocrx_word' id='word_1_215' title='bbox 3054 3202 3375 3283; x_wconf 77' lang='lat' dir='ltr'>felicior.</span> 
     </span>
     <span class='ocr_line' id='line_1_27' title="bbox 1091 3317 3376 3434; baseline -0.007 -27"><span class='ocrx_word' id='word_1_216' title='bbox 1091 3352 1335 3434; x_wconf 89' lang='lat' dir='ltr'>quam</span> <span class='ocrx_word' id='word_1_217' title='bbox 1386 3324 1646 3405; x_wconf 88' lang='lat' dir='ltr'>nostra</span> <span class='ocrx_word' id='word_1_218' title='bbox 1677 3379 1704 3416; x_wconf 87' lang='lat'><strong>,</strong></span> <span class='ocrx_word' id='word_1_219' title='bbox 1778 3324 1904 3404; x_wconf 89' lang='lat' dir='ltr'>cui</span> <span class='ocrx_word' id='word_1_220' title='bbox 1953 3318 2325 3402; x_wconf 74' lang='lat' dir='ltr'>docendae</span> <span class='ocrx_word' id='word_1_221' title='bbox 2389 3324 2689 3428; x_wconf 84' lang='lat' dir='ltr'>priores</span> <span class='ocrx_word' id='word_1_222' title='bbox 2755 3317 3376 3399; x_wconf 85' lang='lat' dir='ltr'>elaboraverunt.</span> 
     </span>
     <span class='ocr_line' id='line_1_28' title="bbox 1094 3425 3377 3525; baseline -0.006 -9"><span class='ocrx_word' id='word_1_223' title='bbox 1094 3441 1401 3517; x_wconf 87' lang='lat' dir='ltr'>Marcus</span> <span class='ocrx_word' id='word_1_224' title='bbox 1426 3436 1831 3519; x_wconf 88' lang='lat' dir='ltr'>Censorius</span> <span class='ocrx_word' id='word_1_225' title='bbox 1873 3438 2075 3515; x_wconf 88' lang='lat' dir='ltr'>Cato</span> <span class='ocrx_word' id='word_1_226' title='bbox 2114 3488 2139 3525; x_wconf 89' lang='lat'><strong>,</strong></span> <span class='ocrx_word' id='word_1_227' title='bbox 2179 3431 2398 3513; x_wconf 84' lang='lat' dir='ltr'>&#39;idern</span> <span class='ocrx_word' id='word_1_228' title='bbox 2454 3454 2724 3513; x_wconf 87' lang='lat' dir='ltr'>orator</span> <span class='ocrx_word' id='word_1_229' title='bbox 2774 3487 2810 3517; x_wconf 20' lang='lat' dir='ltr'>,f</span> <span class='ocrx_word' id='word_1_230' title='bbox 2862 3426 3078 3508; x_wconf 85' lang='lat' dir='ltr'>idem</span> <span class='ocrx_word' id='word_1_231' title='bbox 3145 3425 3377 3505; x_wconf 83' lang='lat' dir='ltr'>histo-</span> 
     </span>
     <span class='ocr_line' id='line_1_29' title="bbox 1092 3539 3383 3646; baseline -0.005 -19"><span class='ocrx_word' id='word_1_232' title='bbox 1092 3550 1226 3627; x_wconf 80' lang='lat' dir='ltr'>riae</span> <span class='ocrx_word' id='word_1_233' title='bbox 1261 3545 1666 3633; x_wconf 59' lang='lat' dir='ltr'>conditorg</span> <span class='ocrx_word' id='word_1_234' title='bbox 1687 3545 1898 3626; x_wconf 83' lang='lat' dir='ltr'>idem</span> <span class='ocrx_word' id='word_1_235' title='bbox 1937 3548 2118 3646; x_wconf 83' lang='lat' dir='ltr'>juris</span> <span class='ocrx_word' id='word_1_236' title='bbox 2154 3600 2182 3637; x_wconf 84' lang='lat'><em>‚</em></span> <span class='ocrx_word' id='word_1_237' title='bbox 2236 3542 2452 3625; x_wconf 88' lang='lat' dir='ltr'>idem</span> <span class='ocrx_word' id='word_1_238' title='bbox 2484 3570 2750 3624; x_wconf 87' lang='lat' dir='ltr'>rerum</span> <span class='ocrx_word' id='word_1_239' title='bbox 2781 3539 3240 3621; x_wconf 83' lang='lat' dir='ltr'>rusticarum</span> <span class='ocrx_word' id='word_1_240' title='bbox 3265 3565 3383 3643; x_wconf 78' lang='lat' dir='ltr'>pc-</span> 
     </span>
     <span class='ocr_line' id='line_1_30' title="bbox 1093 3648 3382 3765; baseline -0.004 -27"><span class='ocrx_word' id='word_1_241' title='bbox 1093 3656 1486 3738; x_wconf 83' lang='lat' dir='ltr'>ritiffimus</span> <span class='ocrx_word' id='word_1_242' title='bbox 1510 3660 1700 3743; x_wconf 84' lang='lat' dir='ltr'>fuit,</span> <span class='ocrx_word' id='word_1_243' title='bbox 1743 3662 1952 3737; x_wconf 88' lang='lat' dir='ltr'>inter</span> <span class='ocrx_word' id='word_1_244' title='bbox 1994 3677 2114 3755; x_wconf 90' lang='lat' dir='ltr'>tot</span> <span class='ocrx_word' id='word_1_245' title='bbox 2163 3683 2433 3765; x_wconf 86' lang='lat' dir='ltr'>operas</span> <span class='ocrx_word' id='word_1_246' title='bbox 2478 3655 2820 3739; x_wconf 75' lang='lat' dir='ltr'>mificiae,</span> <span class='ocrx_word' id='word_1_247' title='bbox 2873 3673 3123 3732; x_wconf 85' lang='lat' dir='ltr'>tantas</span> <span class='ocrx_word' id='word_1_248' title='bbox 3161 3648 3382 3730; x_wconf 83' lang='lat' dir='ltr'>domi</span> 
     </span>
     <span class='ocr_line' id='line_1_31' title="bbox 1090 3764 3380 3861; baseline -0.004 -12"><span class='ocrx_word' id='word_1_249' title='bbox 1090 3773 1637 3850; x_wconf 71' lang='lat' dir='ltr'>&#39;contentiones</span> <span class='ocrx_word' id='word_1_250' title='bbox 1681 3825 1702 3854; x_wconf 83' lang='lat'>‚</span> <span class='ocrx_word' id='word_1_251' title='bbox 1758 3764 2228 3850; x_wconf 59' lang='lat' dir='ltr'>rudi‘seculo</span> <span class='ocrx_word' id='word_1_252' title='bbox 2289 3768 2542 3849; x_wconf 86' lang='lat' dir='ltr'>literas</span> <span class='ocrx_word' id='word_1_253' title='bbox 2590 3772 2890 3847; x_wconf 72' lang='lat' dir='ltr'>Graecas</span> <span class='ocrx_word' id='word_1_254' title='bbox 2950 3786 3178 3843; x_wconf 82' lang='lat' dir='ltr'>aetate</span> <span class='ocrx_word' id='word_1_255' title='bbox 3227 3765 3380 3861; x_wconf 86' lang='lat' dir='ltr'>jam</span> 
     </span>
     <span class='ocr_line' id='line_1_32' title="bbox 1101 3876 3362 3981; baseline -0.001 -21"><span class='ocrx_word' id='word_1_256' title='bbox 1101 3878 1477 3981; x_wconf 80' lang='lat' dir='ltr'>declinata</span> <span class='ocrx_word' id='word_1_257' title='bbox 1509 3879 1784 3960; x_wconf 87' lang='lat' dir='ltr'>didicit</span> <span class='ocrx_word' id='word_1_258' title='bbox 1818 3909 1840 3959; x_wconf 73' lang='lat' dir='ltr'>x</span> <span class='ocrx_word' id='word_1_259' title='bbox 1897 3900 1986 3959; x_wconf 90' lang='lat' dir='ltr'>ut</span> <span class='ocrx_word' id='word_1_260' title='bbox 2015 3879 2198 3962; x_wconf 65' lang='lat' dir='ltr'>ess&#39;et</span> <span class='ocrx_word' id='word_1_261' title='bbox 2228 3879 2671 3961; x_wconf 82' lang='lat' dir='ltr'>hominibus</span> <span class='ocrx_word' id='word_1_262' title='bbox 2707 3876 3234 3957; x_wconf 81' lang='lat' dir='ltr'>documento,</span> <span class='ocrx_word' id='word_1_263' title='bbox 3283 3897 3362 3947; x_wconf 74' lang='lat' dir='ltr'>ea</span> 
     </span>
     <span class='ocr_line' id='line_1_33' title="bbox 1096 3987 3363 4177; baseline -0.006 -95"><span class='ocrx_word' id='word_1_264' title='bbox 1096 4016 1411 4113; x_wconf 69' lang='lat' dir='ltr'>quoque</span> <span class='ocrx_word' id='word_1_265' title='bbox 1447 3994 1744 4105; x_wconf 74' lang='lat' dir='ltr'>pereipi</span> <span class='ocrx_word' id='word_1_266' title='bbox 1772 3990 1984 4107; x_wconf 81' lang='lat' dir='ltr'>poffe</span> <span class='ocrx_word' id='word_1_267' title='bbox 2001 4047 2028 4089; x_wconf 87' lang='lat'><strong>,</strong></span> <span class='ocrx_word' id='word_1_268' title='bbox 2064 4019 2237 4107; x_wconf 81' lang='lat' dir='ltr'>quae</span> <span class='ocrx_word' id='word_1_269' title='bbox 2269 3992 2481 4080; x_wconf 80' lang='lat' dir='ltr'>senes</span> <span class='ocrx_word' id='word_1_270' title='bbox 2502 3987 3072 4099; x_wconf 80' lang='lat' dir='ltr'>concupiscent.</span> <span class='ocrx_word' id='word_1_271' title='bbox 3123 3992 3363 4177; x_wconf 49' lang='lat' dir='ltr'>aff</span> 
     </span>
     <span class='ocr_line' id='line_1_34' title="bbox 3128 4116 3373 4180; baseline -0.008 -8"><span class='ocrx_word' id='word_1_272' title='bbox 3128 4125 3203 4180; x_wconf 82' lang='lat' dir='ltr'><strong>m</strong></span> <span class='ocrx_word' id='word_1_273' title='bbox 3247 4176 3252 4177; x_wconf 17' lang='lat' dir='ltr'><em>f</em></span> <span class='ocrx_word' id='word_1_274' title='bbox 3293 4116 3373 4170; x_wconf 71' lang='lat' dir='ltr'>‘a</span> 
     </span>
    </p>
   </div>
  </div>
 </body>
</html>
