3557 5113
73 387 76 398 ,
265 129 508 414 De
532 240 2343 458 Jrffln..0mt0m·a‚1.ibev1.
2555 256 2764 400 261.

177 559 483 642 aecussre
524 563 766 640 etiam
805 559 1141 667 palam,
1204 564 1289 642 &
1339 584 1570 670 caput
1622 562 1932 646 alterius
1974 566 2166 668 juste
2215 590 2430 674 pete-
2468 595 2653 674 CA,
2684 591 2795 673 m

176 700 250 753 re
279 671 705 752 concess'um
749 672 861 752 fit.
974 670 1126 752 Sed
1174 673 1304 754 hic
1360 700 1674 783 quoque
1727 698 1998 758 tamen
2070 677 2428 761 inhuma-

177 810 265 863 na
289 782 517 865 videri
590 783 786 865 solet
819 784 1173 866 fortunae
1223 784 1615 867 infestatio
1684 818 1704 867 ε
1790 790 1921 871 vel
1967 795 2146 898 quia
2197 785 2426 899 culpa
2501 884 2512 895 ,

176 918 402 987 caret,
449 895 614 978 vel
636 900 817 1006 quia
873 895 1213 976 recidere
1255 901 1493 979 etiam
1558 901 1644 977 in
1689 898 1893 1005 ipsos
1933 906 2080 1007 qui
2124 903 2427 1004 objece-

172 1029 360 1096 runt,
397 1008 671 1111 potest.
760 1011 1108 1088 Primum
1159 1012 1421 1116 itaque
1476 1007 2117 1092 considerandum
2146 1014 2304 1102 est,
2347 1019 2428 1095 &

168 1123 353 1222 quis,
373 1124 450 1197 ὅ(
492 1123 578 1197 in
615 1146 765 1226 qua
812 1119 1071 1209 causa,
1099 1124 1209 1200 δι’
1222 1118 1428 1225 apud
1472 1147 1753 1246 quem,
1790 1127 1871 1203 δε
1925 1127 2009 1204 in
2047 1150 2312 1231 quem,
2347 1130 2429 1205 ὃς

169 1227 328 1332 quid
353 1228 571 1309 dicat.
629 1234 940 1311 Oratori
981 1232 1316 1311 minime
1344 1233 1709 1314 convenit
1757 1231 2116 1313 distortus
2146 1236 2429 1327 vultuS,

169 1338 587 1446 gestusque:
643 1367 811 1449 quae
848 1346 930 1421 in
951 1344 1216 1421 mimis
1253 1341 1489 1421 rideri
1526 1343 1792 1423 solent.
1798 1346 2174 1426 Dicacitas
2195 1348 2436 1428 etiam
2538 1441 2543 1444 Α

166 1449 466 1529 ίὲιιιτιίιε·
505 1457 590 1533 8(
647 1454 939 1534 scenica
974 1454 1157 1533 huic
1192 1453 1536 1559 personae
1572 1452 2028 1537 alienissima
2064 1456 2229 1534 est.
2271 1457 2423 1535 Ob-

165 1557 477 1643 scoenitas
508 1590 700 1645 vem
753 1591 919 1644 non
961 1592 1013 1644 a
1060 1564 1312 1645 verbis
1349 1587 1657 1645 tantum
1707 1565 1948 1645 abesse
1989 1566 2267 1656 debet,
2294 1564 2421 1646 fed
2464 1615 2467 1616 f

164 1674 374 1752 etiam
422 1700 466 1753 a
526 1673 1100 1781 fignificatione.
1184 1681 1400 1756 Nam
1465 1675 1562 1755 sl
1553 1675 1897 1783 quando
1960 1678 2194 1775 objici
2253 1698 2422 1783 pot·

163 1781 310 1871 est,
360 1811 519 1865 non
561 1789 645 1865 in
694 1790 916 1867 omni
964 1787 1144 1868 loco
1200 1785 1737 1911 exprobranda
1771 1786 1901 1866 est.
1989 1794 2414 1867 Oratorem

158 1917 492 1997 praetcrea
543 1919 631 1977 ut
669 1896 924 1978 dicere
980 1900 1268 1980 urbane
1333 1897 1590 1988 volo,
1649 1899 1757 1977 ita
1815 1895 2064 1980 videri
2116 1897 2417 1978 affitfia-

161 2031 234 2083 re
278 2005 413 2099 id,
499 2009 730 2116 plane
780 2011 989 2090 nole.
1114 2016 1613 2117 Qapropter
1668 2037 1770 2090 nc
1831 2006 2042 2089 dicct
2087 2008 2417 2117 quidem

153 2113 344 2195 salse
387 2129 685 2226 quot-ies
743 2127 1107 2249 poterit,
1202 2127 1282 2202 δι
1336 2121 1629 2201 diCtum
1684 2126 1939 2227 potius
1997 2118 2419 2228 aliquando

155 2226 458 2329 perdet
515 2258 754 2340 quam
806 2237 1105 2315 minuet
1160 2234 1712 2312 auctoritatem.
1803 2238 1880 2310 N
1883 2259 1970 2311 ec
2031 2231 2410 2311 accustto-

149 2363 316 2418 rem
344 2362 601 2422 autem
653 2348 893 2424 atroci
945 2348 1020 2424 in
1082 2342 1363 2434 causa,
1448 2366 1590 2423 nec
1646 2363 2067 2467 patronum
2130 2344 2212 2420 in
2273 2345 2420 2420 mi-

148 2446 420 2532 ssei-abili
466 2458 860 2556 jocantem
909 2456 1107 2535 feret
1150 2454 1574 2563 quisquam.
1668 2460 1857 2533 Sunt
1922 2455 2160 2533 etiam
2220 2452 2417 2554 judi-
2528 2515 2531 2516 f
2674 2490 2681 2494 ·

146 2585 262 2643 ces
308 2567 627 2671 quidam
692 2567 1116 2659 tristiores,
1171 2593 1406 2674 quam
1465 2589 1550 2647 ut
1610 2565 1845 2646 risum
1906 2565 2235 2646 libenter
2285 2592 2415 2672 pa-

149 2676 426 2756 tiantur.
523 2677 760 2758 Solet
779 2682 1094 2758 interim
1146 2676 1537 2763 accidere,
1602 2694 1690 2757 u‘t
1741 2675 1826 2756 id
1881 2674 2095 2801 quod
2156 2680 2238 2755 in
2286 2673 2415 2754 ad·

144 2786 544 2868 versarium
589 2787 980 2880 dicimus,
1044 2810 1177 2869 aut
1239 2792 1319 2868 in
1364 2787 1706 2892 judicem
1767 2790 2236 2876 conveniat,
2288 2806 2419 2866 aut

140 2900 218 2976 in
263 2902 610 2981 nostrum
668 2926 980 3025 quoque
1034 2900 1579 3005 litigatorem.
1673 2926 2122 3007 quanquam
2180 2895 2415 3004 aliqui

139 3015 618 3113 reperiuntur
671 3016 808 3120 qui
857 3039 957 3093 nc
1008 3010 1090 3090 id
1141 3011 1461 3117 quidem
1497 3010 1710 3116 quod
1763 3014 1845 3087 in
1894 3009 2092 3116 ipsos
2131 3008 2419 3091 recide

129 3146 212 3198 re
261 3119 541 3225 poffit,
599 3126 932 3205 evitent.
993 3122 1211 3229 quod
1249 3123 1434 3200 fecit
1474 3123 1798 3225 Longus
1863 3120 2245 3249 Sulpitius,
2281 3121 2417 3223 qui

130 3257 325 3308 cum
374 3232 521 3338 ipse
567 3231 1019 3315 foediffunus
1063 3232 1308 3321 essct,
1352 3259 1536 3309 eum
1596 3252 1867 3309 contra
1931 3257 2169 3336 quem
2225 3225 2421 3327 judi-

125 3346 261 3421 cio
338 3342 630 3424 liberali
681 3342 1012 3435 aderat,
1069 3375 1159 3425 ne
1185 3345 1463 3448 ficiem
1532 3341 1819 3452 quidem
1873 3338 2129 3422 babere
2209 3336 2424 3419 liberi

120 3428 430 3535 hominu
480 3456 699 3535 dixit.
764 3461 889 3537 cui
948 3454 1416 3561 respondens
1453 3455 1849 3532 Domitius
1905 3453 2135 3540 Afer,
2184 3466 2276 3530 Et
2316 3476 2418 3533 ιιι

121 3566 429 3671 inquit,
490 3598 582 3648 ex
621 3575 856 3648 aniam·
881 3569 1292 3674 sinantia,
1346 3579 1627 3675 Longe.
1615 3572 1649 3626 θ
1707 3574 1837 3675 qui
1869 3568 2138 3643 malam
2145 3552 2423 3668 ficiem

111 3674 385 3759 habet,
443 3678 625 3760 liber
667 3708 808 3758 non
858 3681 1000 3784 est.
988 3687 1022 3741 ἒ
1098 3675 1527 3761 Vitandum
1592 3678 1836 3757 etiam
1890 3703 1989 3755 ne
2048 3674 2423 3781 petulans,

107 3814 226 3867 ne
265 3787 751 3895 superbum.
809 3818 907 3868 ne
970 3788 1153 3870 loco
1213 3842 1237 3880 ,
1300 3816 1401 3869 ne
1453 3792 1796 3895 tempori
1847 3786 2246 3876 alienum,
2302 3811 2422 3867 ne

94 3925 645 4008 praeparatum
671 3906 751 3982 δε
790 3897 1039 3980 domo
1076 3901 1395 3982 allatum
1432 3899 1785 3983 videatur
1821 3897 2037 4006 quod
2076 3897 2424 3978 dicimus.
2451 3946 2454 3949 Δ

87 4019 317 4098 Nam
373 4011 747 4098 adversus
798 4010 1178 4103 miseros,
1240 4011 1429 4207 ficgt
1462 4011 1685 4120 supra
1725 4009 2136 4096 dixeram,
2202 4008 2434 4195 mhgs

1428 4146 1480 4201 z
1988 4151 1991 4153 ’
2161 4141 2345 4197 man
2452 4167 2455 4171 -
