3557 5113
643 373 648 374 f
735 254 953 394 416
1375 254 1520 359 M.
1571 230 1991 359 “mnu
2098 225 3082 395 QlN'CTl'LIAsNI

715 565 908 681 CAP.
934 553 1898 685 innostra-confirmanda
1958 569 2068 650 est
2101 626 2123 664 ‚
2191 575 2270 651 &
2318 568 2644 655 adversae
2706 547 2942 677 partis
2980 565 3335 649 destruen‘-

1078 684 1177 768 da
1228 684 1504 764 finitio.
1597 683 1933 792 Ideoque
1994 685 2079 761 in
2139 680 2339 762 scola
2373 738 2397 773 ‚
2446 681 2579 762 ubi
2633 684 2854 764 nobis
2930 680 3103 787 ipsis
3156 682 3342 789 fingi·

1081 825 1256 878 mus
1309 796 2012 892 ‘contradictionem
2035 851 2057 885 ‚
2104 793 2319 874 duos·
2350 822 2640 902 ponere
2718 793 3091 873 debemus
3138 794 3345 885 fines,

1079 909 1342 1019 quales
1380 911 1741 1016 utrinque
1788 907 2256 1012 effeljoptimi
2299 928 2682 1013 poterunt.
2741 912 2849 986 At
2884 909 2963 984 in
2994 906 3174 986 foro
3193 935 3347 1012 pro-

1058 1019 1509 1103 ·videndum
1551 1076 1574 1109 ‚
1639 1047 1834 1099 num
1876 1020 2095 1098 forte·
2127 1018 2632 1125 supervacua,
2700 1022 2777 1098 &
2812 1017 3007 1096 nihil
3052 1017 3153 1097 ad
3204 1047 3343 1098 cau·

1068 1133 1229 1225 sam
1287 1134 1718 1239 pertinens,
1762 1154 1859 1211 an
1913 1130 2269 1237 ambigua
2297 1185 2319 1220 ,
2382 1159 2479 1209 an
2533 1133 2953 1213 contraria,
3004 1157 3107 1208 an
3156 1157 3345 1210 com·

1071 1249 1330 1326 munis
1380 1242 1470 1322 fit
1523 1241 1834 1324 finitio:
1899 1270 2235 1351 quorum
2297 1241 2496 1322 nihil
2539 1241 2886 1321 accidere
2946 1239 3087 1320 nili
3144 1270 3339 1348 agen·

1068 1361 1165 1439 tis
1220 1356 1447 1463 eulpa
1496 1357 1769 1463 potest.
1883 1360 1988 1436 Ut
2030 1357 2231 1435 redte
2269 1376 2531 1434 autem
2586 1354 2941 1434 finiamus
2956 1387 2999 1443 2,
3056 1355 3165 1432 ita
3206 1354 3340 1443 fiet,

1066 1466 1127 1549 fi
1176 1473 1386 1575 prius
1442 1469 1526 1546 in
1587 1474 1854 1548 animo
1910 1467 2527 1547 constituerimus
2565 1522 2587 1557 ‚
2654 1464 2844 1573 quid
2894 1465 3224 1547 velimus
3261 1465 3343 1543 ef-

1056 1581 1321 1661 ficere.
1420 1582 1540 1660 Sic
1594 1583 1805 1658 enim
1858 1578 2433 1657 accommodari
2499 1577 2596 1657 ad
2645 1577 3136 1659 voluntatem
3200 1605 3344 1660 ver-

1043 1694 1165 1773 ba
1218 1711 1607 1799 poterunt.
1700 1696 1966 1796 Atque
2023 1710 2111 1768 ut
2155 1707 2203 1768 'a
2263 1688 2657 1769 n‘otissimo
2715 1689 3089 1794 exemplo
3126 1746 3150 1782 ,
3206 1715 3342 1796 quo

1066 1804 1159 1886 fit
1219 1831 1338 1886 res
1384 1802 1713 1884 lucidior
1744 1856 1768 1891 ,
1833 1813 1996 1880 non
2045 1802 2488 1881 recedamus
2532 1833 2553 1897 ;
2618 1805 2773 1906 Qi
2815 1805 3197 1907 privatam
3224 1828 3340 1907 pes

1045 1918 1381 2016 'cuniam
1415 1913 1534 1994 dess
1555 1912 1873 2019 templo
1898 1912 2264 2018 surripuit
2285 1967 2307 2002 ‚
2355 1912 2728 2018 sacrilegii
2775 1941 2949 2012 reus
2992 1913 3126 1993 est.
3176 1910 3335 1992 Cul-

1069 2054 1173 2134 pa
1218 2026 1638 2106 manifesta.
1713 2023 2032 2132 quaestio
2083 2023 2193 2104 est
2229 2079 2251 2114 ‚
2308 2050 2407 2104 an
2462 2025 2641 2104 huic
2696 2027 3019 2105 crimini
3071 2051 3333 2105 nomen

1043 2137 1286 2247 *quod
1334 2138 1442 2217 est
1502 2144 1583 2216 in
1647 2135 1822 2243 lege
1849 2191 1871 2229 ,
1940 2139 2369 2218 conveniat.
2481 2141 2686 2241 Ergo
2737 2137 3209 2242 ambigitur,
3258 2162 3339 2215 an

1036 2252 1226 2332 ·hoc
1267 2249 1747 2357 sacrilegium
1792 2247 1905 2329 sit.
2002 2248 2420 2328 Accusator
2449 2303 2474 2330 0
2539 2251 2716 2356 quia
2763 2248 2861 2330 de
2917 2252 3226 2355 templo
3265 2245 3343 2326 sit

1072 2363 1415 2467 surrepta
1472 2363 1791 2468 pecunia
1833 2415 1855 2450 ‚
1926 2364 2162 2440 utitur
2210 2361 2368 2439 ‘hoc
2420 2363 2763 2439 nomine.
2830 2365 3041 2439 Reus
3090 2417 3113 2444 ‚
3173 2365 3347 2469 qtu'a

1075 2479 1454 2582 privatam
1513 2473 1963 2581 surripuerit
2012 2526 2040 2562 ,
2133 2494 2363 2577 negat
2430 2470 2591 2550 esse
2628 2470 3116 2578 sacrilegium
3154 2528 3177 2564 ‚
3236 2469 3351 2551 sed

1065 2586 1362 2667 furtum
1411 2586 1712 2666 fatetur.
1802 2584 2046 2664 Αᾶοι·
2106 2609 2299 2689 ergo
2352 2586 2459 2661 ita
2506 2582 2726 2664 finiet
2764 2614 2785 2677 3
2855 2586 3352 2692 Sacrilegium

1066 2697 1176 2777 e‘st
1221 2699 1592 2803 surripere
1639 2693 1955 2803 aliquod
2010 2692 2109 2774 de
2157 2693 2389 2775 sacro.
2506 2701 2716 2775 Reus
2748 2699 2855 2775 ita
2915 2694 3151 2779 finiet
3174 2729 3198 2793 3
3240 2703 3351 2778 Sa-

1062 2810 1466 2916 crilegium
1521 2808 1630 2887 est
1692 2806 2067 2911 surripere
2124 2805 2414 2914 aliquid
2464 2803 2670 2886 sacri.
2754 2806 3141 2917 -Uterque
3186 2810 3349 2889 alte-

1063 2924 1220 3000 rius
1269 2921 1706 2999 finitionem
1761 2922 2189 3024 impugnat.
2279 2924 2381 2996 Ea
2434 2917 2729 2998 duobus
2785 2924 3210 3026 generibus
3281 2948 3350 2999 e-

1058 3034 1389 3115 vertitur
1425 3088 1446 3122 ‚
1509 3029 1565 3109 fi
1627 3052 1757 3110 aut
1806 3029 1982 3108 falsa
2019 3031 2126 3109 est
2158 3086 2180 3115 ‚
2237 3053 2366 3110 aut
2418 3057 2692 3137 parum
2736 3033 2984 3138 plena.
3152 3042 3339 3114 Nam

1055 3143 1250 3225 illud
1326 3147 1643 3223 tertium
1714 3140 1855 3222 nifi
1920 3141 2161 3221 stultis
2216 3170 2377 3220 non
2443 3143 2717 3223 accidit
2767 3200 2786 3228 ‚
2858 3168 2944 3224 ut
3002 3149 3213 3229 nihil
3258 3144 3341 3225 ad

1035 3256 1556 3362 ‘quaestionem
1623 3259 2020 3360 pertineat}
2133 3254 2525 3343 Falsa‘est,
2592 3254 2647 3334 si
2705 3254 2909 3336 dieas
2969 3274 3017 3351 3²
3092 3266 3353 3369 Equus

1050 3368 1161 3445 est
1207 3367 1494 3446 animal
1552 3366 1920 3445 rationale
1978 3394 1996 3440 ε
2088 3390 2268 3445 nam
2322 3366 2431 3445 est
2482 3374 2737 3475 equus?
2788 3372 3083 3450 animal
3141 3429 3169 3465 ,
3232 3371 3356 3452 sed

1046 3477 1506 3557 irrationale.
1628 3474 1869 3577 Qod
1926 3499 2186 3556 autem
2242 3488 2665 3560 commune
2722 3507 2907 3561 cum
2977 3483 3141 3563 alio
3209 3486 3356 3571 est,

1035 3585 1336 3668 desinet
1392 3587 1535 3667 effe
1574 3594 1999 3693 proprium.
2091 3593 2243 3668 Hic
2293 3618 2464 3673 reus
2513 3591 2791 3672 falsari!
2835 3592 3025 3675 dicit
3072 3596 3247 3678 esse
3279 3597 3357 3677 fi-

1027 3703 1427 3779 nitionem
1480 3699 1932 3787 accusatoris
1976 3737 2000 3779 .·
2078 3702 2470 3781 accusator
2511 3726 2773 3784 autem
2842 3733 3007 3787 non
3082 3712 3365 3815 potest

1016 3808 1299 3890 ·dicere
1351 3806 1613 3889 falsam
1671 3815 1802 3890 rei.
1889 3818 2096 3893 Nam
2145 3813 2257 3892 est
2308 3812 2793 3923 sacrilegium
2830 3834 2859 3904 '‚
2955 3818 3364 3930 surripere

1037 3919 1324 4030 aliquid
1360 3918 1562 3999 sacri.
1644 3925 1852 4002 Dicit
1915 3952 2194 4030 parum
2246 3925 2622 4031 plenam:
2688 3927 3234 4027 adjiciendum
3279 3963 3365 4014 e-

929 4082 930 4085 *
1035 4036 1206 4131 nim
1247 4088 1273 4128 ,
1329 4053 1458 4115 aut
1513 4060 1611 4114 ex
1652 4034 1889 4118 sacro.
1977 4040 2371 4121 Maximus
2409 4039 3006 4130 autemususin
3050 4072 3351 4153 appro-

3074 4154 3361 4266 bandq
