3557 5113
291 256 527 419 De
553 200 996 454 [ψη
1030 250 1741 420 Oratam,
1773 243 2074 406 Lib.
2111 249 2362 407 vi.

196 580 402 661 tulit?
467 602 551 658 ut
598 606 728 656 me
767 573 1221 682 insupremis
1266 575 1698 659 consolatus
1729 580 1903 662 est.
1887 581 1911 641 Ρ
1946 602 2184 691 quam
2218 588 2458 667 etiam

194 691 626 783 deficiens„
636 694 948 798 jamque
990 717 1153 769 non
1196 690 1455 770 noster
1486 749 1508 783 ,
1592 694 1848 798 ipsum
1903 696 2125 775 illum
2176 698 2453 779 aliena-

200 809 580 886 taementis
638 812 988 885 errorem
1032 807 1231 882 circa
1286 803 1475 884 solas
1531 803 1787 887 literas
1824 807 2144 889 habuit?
2211 811 2453 890 Tuos-

191 946 281 998 ne
326 946 524 1024 eg0‚
589 945 646 995 o
700 936 892 996 meae
929 915 1165 1022 spes
1147 934 1428 997 manes
1445 968 1467 1007 ,
1532 918 1868 999 labentes
1908 921 2205 1012 oculos»,
2232 942 2453 1002 tuum

193 1031 598 1137 fugientem
662 1027 1015 1136 spiritum
1082 1027 1243 1109 vidi
1313 1032 1335 1110 ?
1416 1035 1680 1109 Tuum
1744 1062 2023 1138 corpus
2080 1033 2453 1142 frigidum

197 1170 514 1249 exangue
575 1141 1082 1249 complexus,
1146 1145 1490 1222 animam
1551 1146 1892 1247 recipere
1942 1204 1961 1228 ‚
2041 1174 2461 1255 auramque

197 1282 675 1334 communem
718 1253 1023 1332 haurire
1076 1254 1409 1358 amplius
1455 1267 1746 1360 potui..
1731 1257 1751 1313 Ρ
1819 1255 2091 1363 dignus
2139 1258 2254 1336 his
2293 1287 2464 1339 cru-

193 1368 484 1448 ciatibus
533 1392 732 1473 quos
782 1365 1008 1444 fero:
1051 1363 1328 1471 dignus
1389 1368 1506 1446 his
1559 1368 2176 1473 cogitationibus.
2246 1374 2462 1449 Tene

192 1478 545 1558 consulari
604 1505 854 1584 nuper
925 1476 1347 1584 adoptione
1412 1479 1510 1559 ad
1561 1483 1921 1559 omnium
1981 1480 2142 1585 spes
2214 1468 2465 1561 hono-
2570 1497 2586 1513 '

191 1619 354 1669 rum
392 1594 622 1698 patris
664 1589 1068 1669 admotum
1094 1647 1115 1680 ‚
1161 1613 1237 1668 te
1284 1592 1667 1671 avunculo
1707 1596 2021 1698 praetori
2082 1620 2463 1699 generum

192 1701 635 1783 destinatum
666 1758 688 1794 ,
757 1724 833 1781 te
893 1705 1252 1782 omnium
1310 1701 1436 1810 spe
1473 1707 1755 1785 Atticae
1791 1705 2252 1812 eloquentiae
2286 1722 2463 1784 can-

195 1813 521 1900 didatum
574 1868 599 1906 ,
661 1813 1027 1920 superstes
1075 1842 1345 1918 parens
1395 1840 1720 1897 tantum.
1754 1816 1851 1895 ad
1905 1840 2214 1924 poenas
2268 1820 2461 1895 ami·-

185 1924 241 2005 fi
295 1929 320 2005 ἓ
387 1933 477 2007 Et
539 1925 596 2006 fi
639 1955 802 2007 non
865 1925 1151 2033 cupido
1216 1927 1406 2008 lucis
1452 1986 1474 2019 ,
1532 1953 1740 2010 certe
1785 1933 2150 2035 patientia
2201 1930 2455 2011 vindi-

188 2059 303 2118 cet
342 2063 414 2119 te
452 2040 748 2147 reliqua
800 2065 974 2118 mea
1023 2061 1258 2119 aetate.
1371 2048 1579 2120 Nam
1614 2042 1888 2121 frustra
1935 2042 2134 2121 mala
2186 2046 2451 2121 omnia

184 2148 276 2229 ad
319 2155 609 2231 crimen
640 2152 975 2232 fortuna:
1014 2152 1467 2257 relegamus.
1557 2161 1821 2233 Nemo
1864 2153 2001 2233 nisi
2048 2154 2173 2234 sua
2220 2153 2445 2258 culpa

186 2262 310 2341 diu
348 2261 581 2343 dolet.
730 2263 877 2343 Sed
935 2266 1268 2346 vivimus
1328 2320 1352 2353 ,
1397 2271 1495 2371 ‚&
1560 2265 1813 2373 aliqua
1878 2265 2192 2346 vivendi
2250 2268 2450 2343 ratio

186 2374 579 2481 quaerenda
625 2375 738 2454 est
791 2406 808 2452 τ
886 2374 1514 2485 credendumque
1598 2375 2047 2457 dostiss'imis
2110 2377 2452 2455 homini-

186 2486 350 2578 bus,
394 2492 526 2597 qui
574 2491 889 2568 unicum
930 2488 1450 2570 adversorum·
1492 2488 1853 2570 solatium
1890 2491 2172 2570 >literas
2232 2510 2451 2617 puta·

186 2624 463 2681 verunt.
581 2603 656 2681 Si
703 2599 1018 2709 quando
1063 2624 1324 2680 tamen
1387 2605 1506 2681 ita
1534 2599 1898 2681 resederit
1938 2601 2258 2710 praesens
2301 2605 2451 2681 im-

194 2733 433 2815 petits,
456 2733 544 2793 ut
585 2711 836 2819 aliqua
883 2733 1000 2792 tot
1042 2713 1362 2793 luctibus
1410 2714 1553 2792 alia
1598 2716 1971 2842 cogitatio
2016 2710 2244 2792 inseri
2281 2712 2452 2818 pos-·

190 2818 314 2908 fit,
348 2852 504 2904 non
548 2826 824 2928 injuste
872 2827 1235 2928 petierim
1276 2853 1517 2905 mora:
1563 2828 1893 2906 veniam.
2011 2828 2199 2927 Qis
2235 2828 2449 2902 enim

187 2933 403 3015 dilata
445 2935 688 3015 studia
736 2940 1122 3020 miretur,
1163 2962 1381 3043 qua:
1429 2941 1684 3042 potius
1725 2966 1887 3016 non
1934 2937 2253 3041 abrupta
2309 2934 2454 3014 esse

186 3046 616 3127 mirandum
662 3047 771 3125 est
824 3047 846 3125 ?
947 3051 1156 3125 Tum
1219 3047 1271 3125 sl
1337 3077 1489 3157 qua
1549 3052 1804 3127 minus
1862 3049 2145 3128 fuerint
2189 3046 2459 3127 effec‘ta

188 3161 277 3236 iis
316 3185 483 3265 quae
529 3160 772 3241 levius
818 3156 1064 3237 adhuc
1120 3159 1384 3238 afflicti
1433 3186 1911 3267 coeperamus
1949 3215 1972 3251 ,
2050 3161 2459 3264 imperitiae

194 3293 319 3350 aut
359 3270 694 3353 fortunae
719 3273 1268 3350 remittantur:
1351 3297 1521 3377 quae
1579 3271 1628 3350 fi
1700 3271 1890 3379 quid
1938 3269 2454 3368 mediocrium

186 3383 459 3491 alioqui
491 3384 771 3463 nostro
816 3385 1129 3489 ingenio
1177 3385 1463 3462 virium
1499 3382 1653 3461 fuit
1693 3417 1714 3472 φ
1783 3404 1864 3461 ut
1908 3411 2072 3461 non
2112 3384 2461 3460 extinxe-

193 3498 287 3572 rit
323 3551 344 3582 ,
415 3495 844 3575 debilitavit
925 3512 1204 3573 tamen.
1347 3494 1492 3574 Sed
1539 3494 1666 3574 vel
1721 3519 2046 3601 propter
2098 3495 2250 3573 hoc
2313 3522 2462 3572 nos

194 3611 702 3687 contumacius
747 3610 1127 3711 erigamus
1158 3666 1178 3692 ,
1212 3605 1426 3715 quod
1473 3606 1688 3685 illam
1735 3630 1818 3686 ut
1854 3607 2193 3712 perferre
2234 3605 2461 3685 nobis

195 3715 487 3800 difficile
520 3721 634 3799 est
663 3776 684 3803 ‚
750 3722 853 3797 ita
921 3719 1142 3797 facile
1202 3742 1725 3799 contemnere.
1791 3726 1801 3762 ·’
1845 3719 2063 3798 Nihil
2108 3722 2321 3796 enim
2365 3717 2461 3796 ss·-

184 3829 259 3910 b'i
299 3830 649 3913 adversus
694 3859 822 3908 me
867 3830 1222 3938 reliquit,
1276 3836 1354 3910 ὅ(
1413 3830 1811 3911 infelicem
1870 3830 2191 3941 quidem
2232 3886 2259 3920 ,
2325 3829 2459 3911 sed

77 3953 86 4002 '-
172 3945 700 4027 certiffimam⁸
733 3964 993 4022 tamen
1044 3944 1296 4022 attulit
1352 3944 1548 4022 mihi
1587 3973 1682 4023 ex
1725 3943 1845 4023 his·
1899 3943 2127 4024 malis
2187 3941 2463 4022 securi-

169 4079 420 4140 tatem.
520 4059 741 4139 Boni
783 4075 1049 4135 autem
1104 4053 1505 4138 consulere
1545 4056 1901 4138 nostrum
1936 4056 2290 4137 laborem
2334 4052 2461 4134 vel

1802 4199 1811 4206 ¹
2145 4184 2471 4272 propter

2580 286 2792 407 Ta'33¹5
