3557 5113
281 220 935 428 Debfflt.
993 224 1697 398 Oratorlla,
1732 219 2029 384 Lib.
2093 224 2343 400 IV.
2531 253 2771 456 ‘243

212 554 490 635 stantibus
536 552 926 632 ostentare
979 551 1375 640 volumus,
1437 557 1807 655 judicibus
1864 556 2283 664 prodimus,
2315 560 2438 639 Est
2460 560 2646 638 CAP.
2700 557 2784 632 Π.

222 676 273 747 ὃ(
312 666 623 774 quaedam
665 669 982 770 repetita
1029 671 1403 755 narratio,
1474 695 1643 778 quae
1684 663 2091 765 ἑπιδιηγησις
2131 670 2433 765 dicitur3

217 780 331 858 sane
359 808 459 860 res
512 777 1059 857 declamatoria
1102 783 1341 885 magis
1384 802 1617 885 quam
1678 781 2037 870 forensis,
2098 781 2276 861 ideo
2303 811 2432 863 au-

214 916 326 970 tem
364 912 686 997 reperta,
736 913 820 968 ut
872 894 1050 995 quia
1103 893 1436 970 narratio
1481 894 1732 974 brevis
1777 893 1922 971 ess'e
1978 891 2249 984 debet,
2309 893 2423 974 fu·-

214 1003 313 1081 sius
348 1011 410 1084 ὅ(
459 1007 801 1083 ornatius
859 1029 974 1080 res
1025 1000 1251 1106 possit
1302 1007 1627 1108 exponi:
1696 1004 1936 1112 ⁴quod
1993 1005 2083 1083 fit
2135 1006 2260 1085 vel
2307 1008 2422 1084 in-

214 1113 368 1194 vidiae
407 1118 686 1221 gratia,
757 1114 882 1196 vel
922 1113 1446 1193 miserationis.
1601 1113 1685 1193 ld
1739 1145 1916 1195 raro
1971 1115 2409 1196 faciendum

210 1226 430 1324 judico,
487 1255 737 1334 neque
792 1224 892 1306 sic
944 1251 1326 1334 unquam,
1388 1248 1472 1305 ut
1529 1248 1732 1306 totus
1780 1227 1978 1306 ordo
2022 1252 2425 1333 repetatur.
2509 1247 2514 1252 '

208 1336 335 1417 iicet
369 1345 568 1419 enim
606 1366 745 1445 per
788 1362 1037 1444 partes
1096 1337 1305 1417 idem
1366 1338 1746 1446 consequi.
1842 1345 2226 1418 Caeterum
2283 1343 2418 1446 qui

210 1454 287 1526 uti
326 1443 707 1547 ἑπιδιηγῆσει
762 1450 1018 1537 volet,
1088 1453 1543 1528 narrationis
1600 1479 1763 1528 rem
1830 1450 2008 1529 loco
2067 1450 2429 1556 stringat,

206 1567 260 1640 ὃ(
297 1562 1066 1642 contentus'indicare
1133 1560 1345 1669 quod
1402 1561 1571 1639 faeti
1621 1561 1761 1652 sit,
1828 1587 1986 1669 quo
2040 1561 2129 1641 fit
2183 1562 2430 1641 modo

207 1672 463 1766 fastum,
510 1677 813 1780 plenius
865 1672 937 1752 se
972 1674 1151 1753 loco
1190 1672 1323 1752 suo
1358 1672 1882 1778 expositurum
1917 1671 2062 1758 esse
2097 1678 2425 1779 promit-

208 1807 301 1863 tat.
386 1791 691 1867 lnitium
731 1789 1182 1865 narrationis
1231 1783 1549 1893 quidam
1600 1788 1867 1892 utique
1905 1784 2343 1866 faciendum
2380 1812 2425 1866 a

198 1896 456 2000 persona
501 1920 817 2005 putant:
914 1921 1277 2004 eamque,
1345 1895 1402 1975 si
1450 1893 1704 1976 nostra
1763 1894 1896 1987 fit,
1950 1897 2425 1977 ornandam:

202 2007 239 2084 fi
267 2009 509 2101 aliena,
540 2009 1067 2090 infamandam
1102 2009 1373 2088 statim.
1442 2012 1614 2087 Hoc
1672 2008 1843 2087 sane
1909 2007 2418 2116 frequentissi-

194 2125 501 2214 mumest‚
522 2127 705 2232 quia
734 2115 1073 2228 personae
1106 2121 1277 2201 sunt
1313 2123 1511 2199 inter
1540 2144 1725 2228 quas
1748 2119 2107 2227 litigatur.
2132 2119 2277 2200 Sed
2301 2120 2419 2199 hae

197 2256 440 2342 quoque
462 2239 779 2316 interim
815 2262 995 2314 cum
1039 2234 1179 2314 suis
1233 2231 1746 2312 accidentibus
1783 2233 2204 2341 ponendae5
2243 2259 2427 2312 cum

191 2343 246 2421 id
258 2348 723 2449 profuturum
747 2345 891 2424 est:
918 2369 1002 2425 ut
1026 2380 1046 2440 3
1073 2361 1152 2424 A.
1179 2349 1544 2426 Cluentius
1566 2343 1874 2426 Habitus
1877 2347 2043 2452 fttit
2047 2369 2261 2455 pater
2291 2343 2426 2423 bu-

186 2457 342 2561 juste,
361 2455 691 2563 Judices,
718 2457 916 2539 bomo
933 2489 1071 2538 non
1085 2460 1323 2567 solum
1341 2464 1719 2569 municipii
1740 2464 2151 2540 Larinatis,
2186 2485 2278 2536 ex
2298 2486 2435 2573 quo

199 2595 308 2647 erat
324 2629 342 2654 ,
415 2574 506 2650 ed
558 2580 778 2652 etiam
841 2580 1151 2680 regionis
1201 2575 1398 2650 illius
1448 2568 1538 2663 όν
1588 2578 2004 2650 vicinitatis
2017 2626 2038 2655 ,
2112 2577 2387 2650 virtute
2406 2627 2428 2655 .

197 2683 645 2784 exstimatione
659 2740 682 2774 ‚
746 2681 1119 2781 nobilitate
1150 2686 1382 2791 filcile
1420 2691 1767 2794 princeps.
1896 2684 2214 2761 Interim
2271 2679 2323 2759 s
2304 2708 2428 2760 me

199 2788 310 2871 his:
383 2820 507 2889 ut;
544 2806 672 2903 Q
697 2805 1033 2905 Ligarius
1072 2826 1229 2898 cum
1281 2795 1447 2903 fft.
1562 2796 2028 2901 frequenter
2059 2819 2250 2874 vero
2290 2797 2366 2872 &
2390 2821 2434 2871 a

193 2928 278 2979 re:
337 2905 505 2988 ficut
557 2934 711 3013 pro
768 2908 1033 2987 Tullio
1096 2911 1417 3001 Cicer03
1484 2906 1804 2987 Fundam
1863 2904 2076 2986 habet
2130 2913 2213 2983 in
2261 2932 2435 3014 agro

197 3010 439 3098 narina
465 3035 566 3099 M.
619 3022 885 3099 Tullius
909 3045 1312 3132 paternum.
1414 3016 1993 3098 *Demosthenes
2049 3043 2197 3122 pro
2240 3022 2421 3096 Cte-

193 3121 475 3227 fiphonte
501 3189 524 3223 ‚
605 3123 708 3210 τὲἷ
741 3127 883 3226 γοῖρ
914 3134 1259 3211 &mutini
1300 3127 1621 3216 συσαίντος
1669 3127 1960 3227 πολὲμε.
2075 3134 2199 3208 De
2263 3127 2422 3205 fine

191 3245 586 3324 narrationis
641 3271 819 3323 cum
879 3245 995 3322 his
1062 3246 1461 3323 contentio
1522 3241 1672 3329 est,
1739 3244 1874 3348 qui
1914 3237 2245 3347 'perduci
2296 3266 2429 3317 ex-

194 3349 591 3447 positionem
652 3356 925 3435 volunt
961 3383 1103 3444 eo,
1142 3354 1347 3435 un‘de
1397 3354 1710 3462 quaestio
1768 3355 2034 3432 oritur.
2129 3360 2268 3430 His
2322 3381 2426 3432 re·

144 3532 155 3539 .
198 3455 293 3535 hus
318 3474 407 3543 ita
433 3471 657 3578 gestis
671 3523 693 3550 ‚
754 3486 829 3546 P.
854 3466 1214 3549 Dolabella
1231 3492 1489 3579 praetor
1532 3466 1919 3546 interdixit
1936 3520 1957 3547 ,
2019 3486 2102 3542 ut
2151 3464 2245 3569 est
2274 3493 2430 3543 con-

181 3570 438 3673 stando,
490 3583 587 3659 de
624 3587 712 3658 ‘m'
764 3579 1170 3660 hominibus
1221 3587 1531 3679 armatis
1550 3634 1571 3660 ,
1602 3577 1764 3683 sine
1813 3580 1957 3656 uffa
2001 3605 2162 3654 exce
2203 3583 2391 3654 tione
2409 3610 2438 3653 .-

186 3704 441 3775 -taentum,
501 3718 593 3772 ut
650 3694 836 3771 unde
894 3690 1221 3800 dejecgffit
1240 3749 1261 3775 ‚
1318 3693 1717 3795 restitueret.
1815 3691 2083 3792 restitus
2127 3717 2163 3765 e
2185 3687 2274 3793 fi
2327 3687 2438 3765 di-

193 3802 298 3872 xit.
326 3798 568 3911 sponsio
580 3806 807 3910 faHa
844 3806 943 3909 cst.
1011 3802 1146 3884 bac
1202 3804 1289 3883 de
1317 3803 1670 3913 sponsione
1724 3798 1928 3880 vobis
1961 3799 2438 3907 judicandum

182 3907 260 4009 esl-
350 3914 418 3990 Id
471 3944 513 3993 a
575 3921 922 4021 petitore
980 3913 1281 4025 semper
1336 3913 1507 3994 fieri
1564 3913 1819 4027 potest
1846 3969 1869 4006 ,
1935 3940 1980 3992 a
2036 3909 2435 3997 defensore

177 4044 297 4106 non
350 4025 677 4136 semper.

1334 4145 1418 4227 H
1436 4141 1492 4226 h
1542 4167 1577 4244 3
2245 4136 2437 4216 OR-
