3557 5113
776 248 1021 367 294
1293 208 1512 325 M.
1570 198 1985 316 Fui-1
2131 206 3221 336 chstmsm.
3320 206 3327 213 ’

705 517 902 595 cm»,
984 511 1090 594 X,
1113 495 1330 578 &um
1370 490 1514 573 esse
1560 496 1640 571 in
1672 491 1890 599 lege,
1934 511 2019 569 ut
2061 494 2532 596 argentarius
2570 513 2833 597 totum
2869 495 3224 599 exigeret.
3252 487 3394 571 Ad·
3440 504 3441 509 '

1116 606 1374 693 versus
1417 606 1605 684 alios
1655 616 1872 683 enim
1921 629 2084 680 non
2146 627 2342 706 opus
2395 602 2605 682 fuisse
2644 604 2862 710 iege3
2918 630 3103 683 cum
3151 629 3394 683 omnes

1118 740 1641 828 praeterquam
1687 717 1790 795 ab
1837 716 2278 820 argentariis
2332 735 2587 794 totum
2628 712 2995 823 ⁴exigendi
3036 719 3151 817 jus
3190 715 3393 794 habe-

1120 854 1319 913 rent.
1433 837 1638 909 Cum
1688 827 1936 908 multa
1973 849 2238 906 autern
2295 849 2682 908 novantur
2732 832 2818 906 in
2876 831 3100 906 omni
3141 854 3393 933 genere

1123 943 1505 1031 materiae,
1563 962 1732 1020 tum
1773 941 2167 1046 praecipue
2204 940 2284 1015 in
2326 941 2417 1019 iis
2444 938 2993 1045 quaestionibus
3035 967 3203 1048 quae
3248 938 3395 1019 scri-

1117 1079 1260 1162 pto
1290 1053 1679 1142 constant,
1732 1053 1913 1158 quia
1954 1076 2240 1131 vocum
2296 1049 2408 1128 est
2460 1056 2541 1131 in
2598 1050 2907 1159 singulis
2971 1052 3391 1156 ambiguitas

1117 1162 1784 1274 frequenS‚adhuc
1808 1166 1891 1241 in
1918 1160 2344 1263 conjunstis
2382 1165 2647 1267 magis.
2692 1169 2785 1242 Et
2818 1163 2978 1242 haec
3001 1162 3158 1268 ipsa
3191 1162 3394 1268 pluri-

1114 1306 1255 1360 um
1275 1279 1539 1384 legum
1574 1274 2006 1356 aliorumve
2035 1274 2493 1378 [criptorum
2526 1273 2651 1357 vel
2673 1278 3261 1380 congruentium
3288 1273 3392 1355 vei

1115 1392 1714 1497 repugnantium
1734 1387 2152 1492 complexu
2172 1387 2562 1465 varientur
2599 1385 2888 1465 necess'e
2911 1386 3065 1466 est:
3109 1415 3279 1467 cum
3290 1414 3390 1466 res

1119 1506 1261 1592 rei,
1277 1523 1408 1581 aut
1435 1505 1551 1605 jus
1581 1502 1764 1601 juris
1781 1496 1995 1604 quasi
2015 1494 2317 1600 iignum
2330 1498 2486 1577 est:
2533 1511 2694 1577 Non
2725 1496 2938 1579 debui
2970 1498 3114 1579 tibi
3130 1508 3389 1611 pecuni-

1117 1624 1239 1696 am
1252 1671 1274 1699 ,
1322 1639 1689 1723 nunquam
1721 1638 1836 1687 me
1872 1607 2237 1718 appellasti-²
2335 1608 2639 1715 llſscram
2675 1639 2816 1688 non
2852 1639 3011 1690 acce
3052 1620 3087 1690 i
3135 1620 3169 1689 i
3187 1668 3209 1695 ‚
3230 1613 3392 1692 ultro

1114 1754 1165 1804 a
1201 1756 1312 1804 me
1340 1746 1705 1804 mutuatus·
1743 1750 1837 1797 es.
1936 1723 2107 1797 Lex
2153 1717 2302 1812 est3
2368 1730 2534 1827 Qc‘
2554 1729 2769 1833 patri
2808 1749 2950 1834 pro
2998 1729 3252 1803 kion-is*
3299 1752 3391 1803 reo

1113 1866 1255 1917 non
1291 1835 1612 1944 qffioeerin
1670 1830 1973 1911 exhaeres
1988 1831 2107 1939 sit.
2217 1836 2509 1937 Negat:
2568 1832 2705 1912 nifi
2755 1832 2811 1911 si
2854 1857 3075 1939 pater
3128 1834 3390 1914 abthin-

1114 1969 1235 2026 tus
1283 1945 1392 2025 sit.
1459 1941 1671 2045 Qid
1729 1942 1969 2048 figni?
2043 1943 2216 2020 Lex
2266 1939 2549 2038 altera3
2628 1944 3068 2026 Proditionis
3120 1946 3388 2027 damna-

1112 2077 1229 2139 'tus
1301 2086 1460 2137 cum
1516 2056 1857 2137 advocato
1907 2054 2163 2135 exalet.
2220 2056 2501 2134 Cicero
2547 2083 2697 2161 pro
2752 2057 3124 2138 Cluentio
3172 2058 3391 2139 Publi·

1112 2167 1668 2276 umPopilium
1728 2171 1807 2246 &
1860 2165 2266 2245 Tiberium
2310 2171 2645 2248 ‘Guttam
2709 2165 2897 2249 dicit
2944 2196 3112 2250 non
3164 2171 3388 2273 judicii

1107 2284 1510 2388 corrupti,
1577 2275 1704 2358 'sed
1762 2276 2103 2356 'ambitus
2140 2275 2293 2357 esse
2352 2274 2783 2358 damnatos.
2923 2281 3141 2372 Quid
3183 2281 3389 2390 figni?

1106 2388 1830 2501 quodaccufiitores
1864 2414 2146 2467 eorum
2170 2444 2192 2478 ‚
2259 2393 2393 2497 qui
2439 2413 2654 2469 erant
2698 2390 2838 2498 ipsi
2880 2392 3224 2474 ambitus
3280 2392 3394 2473 da-

1112 2509 1399 2597 mnati,
1463 2531 1507 2582 e
1550 2501 1722 2609 lege
1761 2497 1909 2580 smt
1952 2500 2126 2607 post
2167 2500 2362 2581 hanc
2398 2502 2807 2584 vidioriam
2844 2503 3197 2587 restituti.
3246 2511 3392 2587 Nec

1113 2618 1369 2696 minus
1403 2619 1486 2694 in
1536 2616 1687 2693 hoc
1737 2640 1935 2691 curae
1979 2610 2210 2691 debet
2260 2611 2607 2693 adhiberi
2643 2669 2669 2705 ,
2735 2614 2926 2723 quid
2974 2643 3395 2728 proponen-

1115 2725 1305 2806 dum
1332 2767 1358 2819 ‚‘
1415 2753 1659 2834 quam
1681 2721 2104 2830 *quomodo
2135 2721 2229 2804 fit
2248 2724 2478 2832 quod
2519 2726 3006 2834 proposueris
3031 2786 3054 2819 ,
3088 2733 3395 2840 proban‘

1109 2837 1321 2919 dum.
1478 2840 1629 2916 Hic
1692 2838 2029 2913 omnino
2083 2839 2197 2915 vis
2248 2839 2720 2918 inventionis
2790 2839 3057 2920 sinon
3127 2847 3394 2946 major·⁸

1111 2973 1321 3030 certe
1359 2951 1595 3055 prior.
1709 2952 1921 3025 Nam
1978 2966 2062 3025 ut
2110 2946 2262 3025 tela
2313 2949 2773 3055 supervacua
2838 2948 3006 3031 sunt
3048 2954 3397 3035 nestienti

1112 3062 1303 3170 quid
1360 3081 1622 3168 petat:
1716 3056 1818 3138 fic
1877 3080 2372 3163 argumenta,
2439 3059 2577 3140 nisi
2618 3062 3061 3168 praevideris
3114 3071 3242 3148 cui
3298 3067 3392 3145 rei

1110 3171 1545 3254 adhibenda
1589 3169 1756 3250 fint.
1822 3172 1999 3248 Hoc
2043 3170 2153 3249 est
2188 3169 2402 3280 quod
2447 3174 3010 3280 comprehendi
3054 3203 3228 3262 arte
3260 3204 3397 3258 non

1107 3285 1361 3391 possit.
1453 3283 1811 3391 'Ideoque
1853 3308 2031 3361 cum
2074 3282 2329 3387 plures
2372 3282 2642 3365 eadem
2675 3284 3132 3384 didicerint,
3179 3320 3392 3399 gene-

1104 3397 1330 3478 ribus'
1356 3395 1676 3504 quidem
1714 3417 2356 3498 argumentorum
2392 3393 2759 3477 similibus
2809 3421 3162 3482 utentur:
3220 3404 3401 3483 alius

1107 3530 1372 3588 tamen
1406 3508 1562 3586 alio
1595 3506 1815 3613 plura
1844 3505 2119 3611 quibus
2152 3528 2446 3598 utatur,
2503 3512 2863 3592 inveniet.
2926 3517 3067 3592 ·Sit
3093 3570 3117 3605 ,
3159 3541 3403 3597 exem-

1005 3631 1008 3632 *
1106 3620 1218 3726 pli
1253 3623 1531 3726 gratia,
1588 3616 1979 3725 proposita
2016 3617 2576 3712 controverfia,
2622 3649 2790 3731 quae
2823 3627 3158 3706 minime
3200 3656 3401 3708 com»

1105 3757 1377 3810 munes
1421 3758 1602 3809 cum
1643 3732 1808 3809 aliis
1856 3730 2307 3837 quaestiones
2347 3733 2614 3813 habet:
2711 3753 2885 3816 Cum
2915 3737 3188 3819 Theba
3222 3770 3397 3819 ever·

1103 3840 1282 3947 tiffit
1319 3844 1725 3923 Alexander
1739 3899 1760 3925 ‚
1819 3848 2103 3924 invenit
2139 3845 2422 3926 tabulas
2477 3843 2734 3956 quibus
2785 3872 3068 3930 centum
3141 3855 3405 3932 talenta

1098 3979 1351 4036 mutua
1379 3953 1705 4074 ‘lhq‘ffith's
1741 3951 1992 4062 dedtffi
2033 3951 2390 4040 ffebanos
2426 3960 2936 4042 continebatur.
3015 3975 3177 4045 Has
3199 4019 3221 4052 ‚
3240 3971 3402 4075 quia

3245 4095 3393 4154 0⁹1!

1114 4187 1132 4228 1
