3557 5113
820 281 965 397 52
1354 244 1534 359 M.
1643 245 2011 395 Plinii
2126 240 3154 401 QthriuAm

585 523 595 532 ⁸
682 552 867 631 Cn.
912 548 1071 629 Vll.
1102 534 1597 622 manifestum
1652 532 1764 615 est
1806 532 2195 614 etiamlex
2267 523 2637 609 columna
2687 524 3011 609 rostrata
3065 548 3239 633 quae
3305 514 3412 605 est

1102 664 1192 737 C.
1232 651 1553 734 Duellio
1597 650 1682 729 in
1712 647 1890 727 foro
1945 641 2208 751 posita.
2307 645 2631 721 Interim
2674 669 2733 752 g
2777 663 3141 750 quoque,
3195 654 3288 719 ut
3335 639 3411 716 in

1098 764 1491 878 pulvinari
1541 758 1734 843 Solis
1776 759 1913 867 qui
1963 756 2249 836 colitur
2300 757 2515 858 juxta
2580 753 2828 835 aedem
2895 755 3242 858 Quirini,
3290 778 3398 829 νε-

1076 885 1340 993 sperug
1356 934 1377 970 ‚
1434 873 1651 986 quod
1687 874 1952 982 vesperi
2014 873 2390 978 aeruginem
2459 867 2896 973 accipimus.
2990 871 3116 945 De
3168 885 3413 965 mutas

1106 997 1323 1085 tione
1374 994 1611 1070 etiam
1661 980 2105 1087 literarum,
2170 979 2265 1058 de
2315 1004 2467 1088 qua
2520 979 2739 1086 supra
2792 978 3003 1067 dixi,
3055 977 3255 1058 nihil
3312 1005 3415 1056 re«

1106 1125 1381 1212 petere
1426 1102 1552 1181 hic
1605 1089 1898 1177 necesse
1951 1093 2080 1181 est.
2240 1087 2566 1171 Portass'e
2633 1094 2847 1172 enim
2907 1090 3106 1171 sicut'
3153 1086 3412 1169 scribe-

1107 1218 1339 1307 bant,
1404 1215 1641 1293 etiam
1693 1206 2231 1315 loquebantur.
2329 1202 2842 1284 semivocales
2892 1230 3055 1283 non
3082 1206 3418 1312 gemina-

1115 1358 1203 1410 re
1243 1385 1266 1420 ,
1330 1324 1466 1406 diu
1518 1323 1663 1403 fuit
1732 1314 2192 1400 usitatisslmi
2240 1318 2534 1396 moris:
2622 1338 2853 1424 atque
2934 1343 2977 1395 e
3027 1319 3416 1397 contrario

1116 1439 1279 1548 usq3
1310 1435 1406 1518 ad
1439 1437 1767 1515 Accium
1800 1433 1878 1510 &
1910 1428 2148 1517 ultra,
2176 1422 2558 1533 postestas
2598 1426 2910 1532 syllabas
2944 1431 3416 1535 geminis,ut

1116 1550 1347 1642 dixi,
1394 1545 1785 1628 vocalibus
1843 1538 2314 1645 scripserunt.
2392 1541 2705 1621 Diutius
2769 1537 3077 1621 duravit
3122 1560 3213 1620 ut
3260 1570 3326 1624 e,
3368 1548 3415 1622 i,

1118 1658 1570 1772 jungendis,
1615 1650 1889 1735 eadem
1954 1652 2254 1730 ratione
2329 1676 2482 1759 qua
2540 1652 2792 1733 Graeci
2844 1686 2939 1743 ει,
2981 1674 3418 1741 uterentur,

1122 1806 1214 1859 ea
1259 1772 1543 1856 casibus
1579 1762 2072 1870 numerisque
2111 1756 2430 1843 discreta
2466 1763 2634 1843 sunt
2658 1820 2681 1855 ‚
2724 1788 2811 1845 ut
2851 1766 3194 1846 Lucilius
3235 1794 3422 1872 prae-

1123 1889 1317 1995 cipit
1336 1942 1360 1977 ‚
1422 1878 1606 1990 Jam
1639 1884 1862 1989 pueri
1909 1903 2161 1954 venere
2179 1910 2201 1950 .·
2259 1903 2298 1956 e
2324 1874 2748 1987 pqstremum
2769 1878 3009 1986 fhcito
3023 1936 3043 1963 ,
3120 1901 3342 1989 atque
3372 1882 3417 1961 i,

1129 2014 1226 2085 Ut
1258 2002 1513 2115 puerei
1601 1995 1793 2071 lu'res
1809 2006 1816 2011 ‘
1828 1991 2147 2098 fiam-u
2198 2014 2287 2066 ac
2340 1986 2703 2095 deinceps
2749 1987 2982 2070 idem.
3097 1991 3422 2071 Mendaci

1102 2115 1280 2224 fieri
1326 2100 1413 2191 ite
1437 2020 1658 2188 adesses
1710 2135 1783 2187 e,
1839 2131 1996 2182 cum
2049 2099 2222 2180 dare
2256 2100 2459 2197 ficrei
2485 2096 2792 2209 Juffiris.
2815 2157 2842 2167 -
2864 2154 2934 2168 --
2957 2155 3036 2170 --·
3188 2090 3421 2210 Quod

1125 2143 1453 2335 quidem
1527 2243 1711 2297 cum
1772 2213 2326 2320 supervacuum
2378 2212 2490 2291 est
2533 2269 2556 2306 ,
2607 2218 2787 2322 quia
2837 2220 2875 2294 i
2949 2236 3112 2296 tam
3175 2212 3426 2322 longae

1124 2363 1369 2447 quam
1402 2330 1661 2412 brevis
1696 2348 2052 2406 naturam
2097 2323 2372 2414 habet,
2423 2345 2594 2406 tum
2645 2325 3248 2408 incommodum
3304 2327 3426 2408 ali,

1126 2442 1469 2561 quando,
1550 2442 1771 2522 'Na'm
1822 2439 2023 2516 iniis
2060 2460 2237 2545 quae
2283 2441 2732 2542 proximam
2776 2438 2871 2520 ab
2935 2438 3223 2521 ultima·
3271 2439 3428 2520 lite-

1129 2590 1304 2645 ram
1367 2591 1407 2641 e
1461 2555 1895 2641 habebunt,
1960 2553 2040 2630 ὅ(
2087 2553 2123 2626 i
2170 2546 2405 2657 longa
2468 2551 3090 2635 terminabuntur
3126 2607 3152 2646 ,
3211 2552 3428 2634 illam

1128 2676 1519 2755 rationem
1584 2663 1982 2775 sequentes
2044 2684 2360 2742 utemur
2420 2691 2462 2745 e
2510 2666 2867 2773 gemina,
2947 2665 3198 2776 qualia
3275 2665 3431 2746 sunt

1127 2785 1333 2875 haec‚
1396 2781 1643 2862 aureei
1656 2836 1681 2864 ‚
1739 2780 2136 2886 argentea,
2200 2778 2280 2855 ὅ(
2330 2772 2625 2857 similia.
2730 2772 2968 2886 quue
3022 2782 3112 2858 iis
3170 2783 3434 2886 praeci-

1130 2925 1286 3008 pue
1333 2895 1469 3004 qui
1532 2885 1630 2969 ad
1690 2888 2111 2990 lestionem
2175 2885 2706 2981 instituentur,
2788 2896 3025 2972 etiam
3105 2890 3437 3000 impedi-

1132 3029 1411 3092 mento
1460 3005 1665 3084 erit:
1728 2997 1924 3081 ficut
1968 3001 2047 3078 in
2082 3000 2370 3080 Graecis
2417 3001 2700 3082 accidit
2735 3002 3164 3106 adjectione
3193 3037 3214 3078 ι
3272 3007 3439 3085 lite-

1129 3150 1238 3206 1·ae
1272 3152 1290 3201 :
1386 3143 1624 3227 quam
1660 3139 1824 3196 non
1852 3111 2105 3193 solum
2149 3111 2426 3195 dativis
2467 3110 2755 3196 casibus
2787 3118 2867 3195 in
2908 3138 3127 3224 parte
3158 3116 3440 3198 ultima

1135 3230 1579 3316 adscribunt
1609 3285 1633 3321 ‚
1696 3224 1828 3307 sed
1868 3223 2323 3335 quibusdam
2365 3228 2603 3307 etiam
2653 3228 3194 3337 interponunt,
3234 3253 3326 3308 ut
3365 3235 3445 3309 in

1136 3340 1397 3436 ληιςὶἷι,
1459 3345 1638 3450 quia
1702 3338 2182 3446 etymologia
2240 3366 2339 3420 ex
2400 3336 2772 3422 divisione
2853 3344 2933 3420 in
3019 3339 3452 3446 trisyllabas

1133 3457 1370 3545 fasta,
1424 3448 1804 3532 desideret
1850 3452 2395 3536 eam‘literam.
2488 3455 2578 3533 ai
2604 3452 3019 3561 syllabam,
3073 3457 3296 3558 cujus
3341 3454 3452 3534 se-

1138 3563 1481 3650 cundam
1536 3590 1759 3654 nunc
1804 3593 1845 3642 e
1901 3564 2214 3644 literam
2264 3569 2668 3672 ponimus,
2719 3571 2930 3648 varie
2971 3594 3119 3674 per
3166 3593 3225 3647 a
3286 3571 3370 3649 ὅ(
3424 3579 3458 3647 i

1140 3676 1607 3775 efferebantg,
1705 3672 2028 3784 quidam
2065 3675 2414 3784 semper,
2461 3700 2549 3757 ut
2590 3682 2840 3760 Graeci
2861 3709 2882 3775 3
2949 3675 3282 3788 quidam
3318 3680 3458 3760 sin·

1247 3789 1509 3870 lariter
1547 3809 1899 3882 tantum,
1964 3817 2147 3869 cum
2183 3791 2264 3896 in
2295 3786 2649 3871 dativum
2692 3791 2819 3892 vel
2846 3794 3302 3899 genitivum
3339 3821 3452 3874 ca-

1168 3930 1306 3984 um
1365 3897 1791 3981 incidissent
1830 3933 1846 3977 :
1903 3901 2108 4008 unde
2151 3903 2400 4015 piei‘ai‘
2435 3906 2671 4009 vcssisg
2700 3909 2780 3985 ὅ(
2825 3908 3070 3989 aulaf,
3123 3905 3472 4012 Vir-gili*

1129 4039 1223 4118 ns
1287 4010 1866 4101 amantiffimus‘
1892 4009 2338 4109 vetustatis,²
2371 4013 2854 4100 'carminibus
2902 4016 3245 4099 inseruit.
3376 4023 3466 4097 li-

3091 4169 3100 4174 ·
3270 4131 3472 4215 dem
