3557 5113
757 309 993 452 596
1209 301 1883 442 ,MFABH
1988 298 3185 430 Qu1NCT1L1AN1

735 639 910 720 cn,
940 638 993 712 1,
1083 619 1588 718 congerentes
1625 607 1944 688 nomina
1982 603 2506 711 plurimorum
2564 608 2991 707 poetarum.
3052 594 3378 702 „Qffl

1093 724 1446 804 Herculis
1478 724 1639 801 adia
1670 747 1830 799 non
1871 719 2068 798 bene
2107 715 2498 795 Pisandros
2518 713 2548 793 ἓ
2599 712 2849 810 Quid?
2880 712 3380 822 Nicandrum

1091 836 1366 916 frustra
1408 835 1635 913 secuti
1682 838 1941 910 Macer
1986 850 2208 935 atque
2253 823 2930 931 Virgilius2Qid?
2958 827 3385 933 Euphorio-

1098 976 1280 1027 nem
1324 944 1804 1026 transibimus
1844 944 1864 1020 ἓ
1905 968 2144 1047 quem
2180 937 2317 1018 nifi
2351 936 2731 1044 probass'et
2760 938 3161 1045 Virgilius,
3190 937 3381 1017 idem

1091 1085 1489 1165 nunquam
1526 1065 1750 1137 cert&
1805 1051 2308 1134 conditorum
2368 1047 2812 1131 Chalcidico
2855 1049 3085 1130 versu
3125 1052 3385 1130 carmi-

1089 1199 1281 1250 num
1320 1167 1605 1248 fecisset
1645 1170 2163 1247 mentionem.
2300 1161 2587 1263 Qid‘?
2667 1164 3039 1244 Horatius
3126 1162 3384 1242 frustra

1089 1286 1491 1388 Tyrtaeum
1537 1285 1898 1359 Homero
1942 1275 2373 1380 subjungit?
2425 1281 2601 1354 Nec
2615 1273 2786 1352 sane
2830 1272 3253 1383 quisquam
3286 1272 3383 1352 est

1090 1417 1253 1474 tam
1293 1390 1570 1499 proc-ul
1605 1419 1648 1470 a
1686 1393 2454 1497 cognitione‘eorum
2504 1407 2860 1466 remotus
2892 1442 2917 1469 ‚
2962 1408 3052 1464 ut
3090 1414 3253 1465 non
3285 1386 3380 1463 in·

1035 1509 1047 1520 “
1090 1505 1350 1586 dicem
1401 1519 1612 1585 certe¹
1666 1531 1765 1582 ex
1807 1501 2272 1581 bibliotheca
2314 1497 2654 1577 sumtum
2688 1497 3113 1577 transferre
3152 1502 3231 1577 in
3302 1496 3377 1575 li·

1092 1618 1273 1698 bros
1304 1611 1471 1697 suos
1503 1612 1752 1721 poffit.
1862 1619 2032 1692 Nec
2074 1609 2360 1716 ignoro
2410 1636 2601 1716 ego,
2655 1615 3009 1716 quamvis
3047 1608 3338 1689 transeo
3358 1642 3380 1698 ‚-

1091 1755 1236 1807 nec
1267 1730 1536 1835 utique
1580 1724 1873 1805 damno
1927 1758 1953 1815 ‚-
2022 1744 2110 1804 ut
2156 1724 2291 1830 qui
2339 1721 2675 1802 dixerim
2702 1719 2993 1800 ·ess“e=in
3035 1723 3386 1802 omnibus

1100 1837 1442 1919 utilitatis
1477 1836 1810 1944 aliquid:
1836 1834 1965 1915 sed
1998 1833 2098 1915 ad
2135 1834 2308 1913 illos
2337 1837 2497 1934 jam
2537 1833 2895 1938 perfestis
2938 1831 3382 1914 constitutiss

1100 1975 1249 2055 que
1292 1949 1575 2029 viribus
1612 1970 2123 2032 revertemur.
2180 1944 2413 2047 Quod
2449 1947 2690 2024 etiam
2726 1948 3066 2025 incoenis
3082 1941 3375 2050 grandi-

1097 2062 1237 2140 bus
1281 2058 1471 2166 saepe
1513 2059 1872 2145 facimus,
1911 2081 1997 2139 ut
2039 2086 2223 2140 cum
2255 2060 2576 2164 optimis
2599 2055 2844 2136 satiati
2871 2056 3132 2141 fimus,
3158 2058 3383 2138 varie-

1102 2187 1211 2251 t'as
1257 2193 1521 2251 tamen
1561 2173 1786 2252 nobis
1829 2197 1930 2251 ex
1965 2171 2362 2253 vilioribus
2401 2192 2619 2275 grata
2649 2168 2764 2248 fit.
2864 2174 3095 2249 Tunc
3130 2175 3211 2251 ὃ(
3238 2167 3379 2248 elc-

1097 2287 1306 2390 giam
1342 2284 1637 2368 vacabit
1661 2286 1753 2362 in
1785 2310 2056 2363 manus
2100 2283 2395 2362 sumere
2434 2313 2452 2359 :
2492 2284 2702 2375 cuius
2735 2283 3104 2390 princeps
3178 2282 3390 2362 habe-

1098 2419 1225 2475 tur
1277 2397 1818 2476 Callimachus.
1901 2393 2275 2475 Secundas
2324 2392 2795 2476 confessione
2872 2394 3393 2500 plurimorum

1099 2506 1445 2588 Philaetas
1469 2509 1894 2613 occupavit.
1933 2504 2080 2588 Sed
2119 2504 2311 2589 dum
2335 2503 2796 2613 affequimur
2832 2506 3057 2587 illam
3089 2505 3392 2587 firmam

1101 2628 1238 2714 (ut
1262 2616 1481 2714 dixi)
1552 2618 1999 2701 facilitatem
2034 2676 2058 2703 ‚
2121 2618 2449 2724 optimis
2481 2616 3057 2707 assuescendum
3098 2620 3211 2700 est
3247 2653 3267 2699 ε
3325 2625 3395 2700 &

1099 2729 1354 2809 multa
1386 2734 1628 2835 magis
1653 2757 1892 2837 quarn
1907 2729 2346 2811 multorum
2362 2728 2695 2809 lechone
2714 2729 3135 2811 formanda
3166 2757 3396 2814 mens,

1098 2846 1179 2927 &
1227 2838 1617 2921 ducendus
1657 2842 1767 2921 est
1805 2842 2050 2921 color.
2136 2848 2398 2950 ltaque
2440 2868 2539 2920 ex
2578 2841 2821 2922 tribus
2853 2847 3199 2948 receptis
3236 2845 3399 2923 Ari-

1091 2952 1372 3033 starchi
1412 2951 1702 3055 judicio
1737 2952 2239 3058 scriptoribus
2278 2954 2748 3054 iamborum,
2772 2952 2871 3034 ad
2897 2944 3039 3058 ’ἕξιν
3060 2960 3401 3036 maxime

1093 3066 1510 3171 pertinebit
1550 3092 1741 3147 unus
1784 3065 2321 3146 Archilochus,
2384 3072 2701 3149 Summa
2734 3069 2819 3144 in
2861 3066 3022 3147 hoc
3056 3073 3181 3151 vis
3246 3066 3401 3147 elo-

1057 3214 1065 3222 ·
1101 3180 1474 3269 cutionis3
1525 3200 1694 3257 tum
1731 3176 2006 3258 validae
2058 3233 2083 3268 ,
2141 3199 2312 3258 tum
2361 3177 2633 3293 breves
2668 3177 3218 3291 vibrantesque
3252 3178 3401 3259 sen-

1109 3292 1370 3369 tentiae
1391 3343 1414 3380 ‚
1444 3289 1875 3395 plurimum
1913 3288 2290 3395 sanguinis
2319 3311 2553 3397 atque
2585 3316 3015 3373 nervorum
3048 3349 3074 3380 ‚
3102 3292 3401 3374 adeout

1107 3397 1456 3480 videatur
1493 3399 1945 3509 quibusdam
1986 3456 2009 3491 ,
2052 3400 2269 3508 quod
2310 3423 2708 3510 quoquam
2759 3406 3029 3491 minor
3068 3408 3218 3498 est,
3254 3432 3397 3485 ma-

1108 3513 1318 3591 teriae
1348 3511 1491 3592 esst:
1548 3540 1710 3592 non
1747 3513 2049 3617 ingenii
2073 3517 2374 3594 vitium.
2504 3522 2822 3596 Novem
2878 3545 3078 3598 vero
3120 3519 3390 3625 lyrico·

1103 3649 1277 3702 rum
1325 3621 1557 3729 longe
1602 3620 1964 3704 Pindarus
2005 3628 2384 3731 princeps,
2427 3623 2735 3732 spiritu,
2801 3629 3399 3736 magnificentia,

1103 3731 1523 3825 sententiis,
1573 3734 1865 3843 figuris,
1900 3733 2322 3817 beatiffima
2364 3762 2629 3819 rerum
2652 3738 3248 3853 verborumque
3286 3769 3403 3822 co-

1103 3849 1233 3951 pia
1268 3896 1292 3935 ,
1337 3850 1418 3929 &
1457 3847 1669 3929 velut
1707 3846 2065 3957 quodam·
2086 3849 2556 3959 eloquentiae
2608 3850 2940 3933 flumine
3009 3885 3032 3935 ε
3090 3875 3411 3963 propoer

1104 3983 1278 4064 quat
1315 3962 1683 4041 Horatius
1727 3988 1916 4041 eum
1953 3967 2243 4044 merito
2290 3961 2628 4045 credidit
2681 3970 2991 4048 nemini
3078 3964 3395 4049 imitabi-

1097 4068 1291 4161 lcm.
1394 4071 1913 4157 Stcfichorum
1931 4129 1957 4168 ‚
2036 4103 2273 4187 quarn
2306 4075 2403 4158 fit
2428 4079 2752 4187 ingenio
2788 4079 3113 4172 validus,
3147 4098 3397 4163 mate-

1115 4245 1124 4249 -
2058 4252 2067 4259 .
3248 4216 3385 4274 112
