3557 5113
821 278 1022 407 634
1395 253 1540 358 M.
1656 217 2013 350 Fami
2164 163 3129 373 ch‘rimAm

740 577 929 678 CM„
952 594 1304 673 V11,cum
1342 561 1620 645 infelix
1655 555 1791 637 illa
1833 551 2267 636 verborum
2298 544 2697 632 cavillatio
2748 540 3052 625 accessit
3077 600 3099 632 ‚
3123 550 3211 626 &
3240 570 3395 623 cur-

1121 681 1240 762 sus
1275 677 1372 757 ad
1408 672 1703 779 singula
1752 664 2071 771 vestigia
2116 662 2424 752 resistit,
2466 686 2633 741 non
2688 656 2938 764 potest
2986 656 3181 736 ferri
3228 683 3391 736 con-

1124 812 1331 872 torta
1384 790 1551 873 vis,
1609 780 1738 861 sed
1791 801 1877 857 ut
1936 779 2243 881 optime
2302 799 2593 854 vocum
2651 768 3130 875 lingularum
3190 766 3392 848 cedat

1126 901 1450 986 εὶεξὶίο,
1507 920 1670 974 non
1721 891 2096 970 continua
2139 942 2163 978 ,
2220 883 2351 964 sed
2403 879 2837 986 composita
2884 880 3015 960 est.
3145 885 3389 984 Qarc

1128 1007 1520 1118 capienda:
1578 1005 1751 1083 sunt
1813 1001 1970 1079 illae
2032 997 2132 1079 de
2187 997 2467 1104 quibus
2536 993 2697 1071 dixi
2754 1048 2777 1082 ‚
2857 1018 3124 1071 rerum
3223 1000 3394 1070 ima·

1122 1131 1340 1232 gines
1382 1176 1403 1209 ‚
1460 1143 1651 1225 quas
1713 1112 1982 1196 vocari
2034 1108 2411 1200 Φαῆωσ-ίας
2468 1103 2978 1185 indicavimus
3019 1159 3043 1191 ,
3103 1109 3395 1182 omnia-

1122 1263 1277 1343 que
1326 1231 1424 1312 de
1465 1228 1743 1336 quibus
1798 1223 2075 1302 dicturi
2129 1222 2464 1305 erimus,
2498 1214 2884 1324 personae,
2923 1215 3392 1321 quaestiones,

1127 1351 1335 1452 spes,
1377 1361 1674 1428 metus,
1734 1331 2088 1414 habenda
2137 1334 2223 1410 in
2279 1328 2529 1409 oculis
2558 1382 2581 1415 ,
2637 1328 2719 1404 in
2766 1325 3089 1406 affectus
3142 1332 3389 1432 recipi-

1103 1455 1349 1538 enda.
1477 1451 1739 1530 Pelius
1790 1444 1897 1524 est
1943 1447 2158 1522 enim
2217 1439 2437 1548 quod
2485 1436 2805 1517 disertos
2857 1439 3043 1517 facit
3081 1495 3104 1529 ‚
3162 1445 3239 1519 ὅ(
3290 1444 3389 1516 vis

1126 1571 1434 1650 mentis.
1605 1558 1947 1680 Ideoque
2036 1554 2421 1657 imperitis
2506 1575 2825 1659 quoque
2895 1604 2918 1638 ‚
3007 1550 3066 1629 si
3160 1549 3388 1630 modo

1101 1680 1304 1760 sunt
1381 1675 1647 1779 aliquo
1713 1666 1992 1746 aflestu
2057 1665 2431 1743 concitati
2480 1713 2505 1750 ,
2594 1662 2832 1742 verba
2890 1687 3056 1742 non
3111 1662 3382 1742 desunt.

1130 1796 1343 1870 Tum
1412 1773 1934 1863 intendendus
2004 1776 2308 1856 animus
2364 1829 2388 1866 ,
2481 1798 2644 1852 non
2693 1776 2777 1852 in
2833 1773 3172 1881 aliquam
3230 1802 3384 1854 rem

1121 1926 1413 1987 unam,
1450 1892 1581 1973 sed
1637 1895 1720 1970 in
1768 1887 2027 1994 plures
2072 1884 2303 1966 simul
2349 1887 2807 1966 continuas:
2844 1907 2950 1964 *ut
2982 1885 3033 1963 fi
3072 1909 3211 1991 per
3251 1888 3382 1964 ali-

1116 2037 1358 2119 quam
1409 2006 1700 2085 restam
1747 2003 1960 2082 viam
2006 2001 2409 2078 mittamus
2462 1997 2736 2078 oculos
2769 2051 2794 2088 ,
2850 1995 3071 2077 fimul
3122 2000 3381 2077 omnia

1103 2147 1290 2230 ‘quae
1345 2118 1645 2198 suntin
1715 2140 1807 2192 ea
1859 2116 2219 2219 circaque
2273 2114 2674 2190 intuemur
2723 2163 2750 2200 ,
2807 2136 2975 2191 non
3034 2110 3387 2189 ultimum

1116 2255 1430 2314 tantum
1477 2227 1880 2318 videmus,
1913 2221 2042 2304 sed
2094 2248 2337 2331 usque
2379 2219 2488 2300 ‘ad
2530 2222 2930 2301 ultimum.
3024 2220 3264 2302 Addit
3300 2220 3386 2300 ad

1115 2342 1545 2427 dicendum
1600 2344 1837 2419 etiarn
1897 2332 2153 2442 pudor
2202 2334 2598 2424 stimulos,
2640 2333 2859 2414 addit
2904 2340 2984 2415 δε
3041 2333 3384 2415 dicendo-

1114 2475 1298 2541 rum
1351 2451 1782 2560 exspestata
1834 2447 2041 2529 laus:
2104 2449 2552 2555 mirumque
2600 2444 2846 2526 videri
2882 2445 3387 2556 potest‚qnod

1114 2596 1302 2650 cum
1356 2566 1594 2672 stylus
1657 2561 1954 2642 secreto
2017 2558 2350 2666 gaudeat
2384 2612 2407 2648 ‚
2466 2581 2700 2667 atque
2751 2585 3036 2641 omnes
3090 2564 3387 2645 arbitros

1117 2675 1627 2760 reformidet.
1680 2674 2236 2776 extemporalis
2288 2672 2489 2750 astio
2542 2668 2993 2752 auditorum
3051 2672 3385 2780 frequen-

1115 2793 1222 2869 tia
1262 2842 1287 2879 ,
1345 2807 1431 2868 ut
1488 2783 1716 2863 miles
1772 2780 2148 2886 congestu
2193 2781 2600 2887 lignorum·
2649 2787 3056 2865 excitatur.
3171 2794 3384 2866 Nam·

1113 2927 1271 3009 que
1310 2905 1388 2980 &
1425 2892 1961 2977 difficiliorem
1999 2894 2568 2999 cogitationem
2612 2899 2984 3003 exprimit
3026 2903 3112 2978 ὅ(
3156 2897 3388 3006 expel-

1115 3013 1213 3094 lit
1269 3005 1582 3091 dicendi
1652 3002 2051 3085 nece‘ffitas
2098 3059 2123 3095 ‚
2200 3012 2280 3087 ὅ(
2330 3003 2705 3087 secundos
2778 3012 3126 3114 impetus
3182 3030 3389 3117 auget

1117 3119 1482 3236 placendi
1537 3114 1849 3224 cupido.
1964 3113 2197 3196 Adeo
2250 3120 2664 3224 praemium
2712 3124 2983 3201 omnia
3037 3122 3386 3229 spestant,

1118 3258 1207 3317 ut
1237 3233 1697 3341 eloquentia
1739 3231 2105 3337 quoque,
2142 3253 2595 3338 quanquam
2641 3229 3086 3336 plurimum
3132 3236 3387 3315 habeat

1114 3352 1204 3427 in
1240 3344 1317 3428 se
1356 3342 1829 3449 voluptatis,
1859 3344 2207 3419 maxime
2247 3364 2515 3421 tamen
2563 3341 2917 3447 praesenti
2952 3344 3218 3426 fructu
3250 3348 3387 3427 lau-

1111 3457 1234 3538 dis
1280 3456 1837 3564 opinionisque
1881 3449 2227 3532 ducatur.
2285 3458 2454 3532 Nec
2504 3457 2917 3561 quisquam
2958 3477 3279 3539 tantum
3312 3456 3385 3536 fl-

1107 3567 1244 3651 dat
1300 3568 1784 3674 ingenio,·ut
1832 3560 1916 3644 id
1963 3560 2099 3642 fibi
2153 3562 2405 3669 speret
2459 3566 2863 3671 incipienti
2920 3567 3190 3649 statim
3240 3566 3385 3677 pos-

1106 3676 1185 3760 se
1223 3680 1725 3782 contingere:
1780 3671 1911 3754 sed
1947 3673 2138 3754 ficut
2187 3678 2289 3753 in·
2323 3679 2805 3781 cogitatione
2848 3686 3385 3787 praecepimus,

1095 3794 1218 3877 ‘ita
1260 3788 1734 3871 'facultatem
1786 3811 2110 3895 quoquc
2163 3788 2790 3894 extemporalem
2851 3816 2894 3868 a
2948 3796 3207 3897 parvis
3259 3796 3387 3873 ini-

1106 3905 1234 3983 tiis
1286 3895 1668 4009 paulatim
1718 3896 2235 4004 perducemus
2287 3897 2387 3980 ad
2434 3898 2880 3981 summam:
2936 3930 3113 4013 quae
3151 3930 3391 4009 neque

1098 4013 1373 4124 perfici
1407 4035 1662 4120 neque
1704 4013 2102 4119 contineri
2135 4007 2280 4096 nisi
2320 4009 2456 4102 usu
2492 4010 2766 4120 potest.
2813 4019 3199 4099 Caeterum
3228 4042 3389 4119 per-

3136 4155 3391 4212 venire
