3557 5113
319 236 554 398 De
604 229 1046 436 Instit.
1101 234 1774 434 Orator-ia
1797 360 1835 409 ,
1866 235 2162 393 Lib.
2195 238 2292 391 Ι.
2529 276 2756 415 „75

165 590 282 654 ro,
324 586 406 646 ut
467 561 916 670 frequenter
976 569 1275 672 experti
1316 563 1572 646 sumus
1610 621 1633 656 ‚
1697 572 1954 649 minus
1989 570 2226 650 afficit
2264 568 2428 649 sen-
2455 608 2640 685 CAt.
2679 604 2850 683 xm

165 676 268 757 sus
304 677 684 786 fatigatiO,
750 702 986 783 quam
1027 680 1417 783 cogitatio,
1508 677 1658 759 Sed
1696 707 1795 759 ne
1853 686 2223 788 temporis
2261 687 2428 789 qui-

166 788 329 869 dem
360 815 704 897 unquam
763 786 937 893 plus
978 792 1164 868 erit:
1208 826 1211 829 >
1258 792 1441 896 quia
1481 790 1598 868 his
1651 793 1991 871 aetatibus
2043 795 2296 872 omnis
2344 796 2427 873 in

167 899 522 981 audiendo
576 898 966 1005 profectus
1034 899 1163 978 est.
1320 907 1527 980 Cum
1598 900 1697 982 ad
1758 903 2044 1009 stylum
2073 902 2377 984 secedet
2399 960 2427 998 ‚

169 1040 322 1091 cum
358 1060 367 1065 —
375 1012 771 1119 generabit
842 1009 995 1115 ipse
1059 1009 1353 1118 aliquid
1403 1033 1637 1121 atque
1696 1038 2119 1120 componet
2149 1073 2172 1107 ,
2257 1038 2429 1099 tum

168 1125 496 1203 inchoare
552 1124 716 1202 hate
763 1119 1004 1201 studia
1060 1121 1185 1203 vel
1228 1149 1392 1202 non
1440 1125 1737 1206 vacabit
1758 1180 1785 1214 ,
1851 1128 1980 1207 vel
2005 1155 2180 1207 non
2239 1126 2429 1208 libe-

168 1235 282 1314 bit.
360 1241 568 1343 Ergo
616 1262 800 1314 cum
993 1236 1401 1313 mmaticus
1456 1254 1717 1314 totum
1781 1234 1993 1315 diem
2049 1265 2427 1343 occupare

169 1374 308 1426 non
355 1346 583 1452 poffit
605 1400 629 1435 ‚
682 1373 827 1424 nec
930 1345 1149 1426 ebeat
1171 1398 1194 1436 ‚
1253 1372 1352 1423 ne
1411 1344 1764 1425 distentis
1814 1353 2163 1428 animum
2199 1348 2430 1429 taedio

171 1480 474 1553 avertam
562 1458 845 1565 quibus
894 1461 1149 1562 potius
1194 1455 1452 1560 studijs
1504 1458 1671 1537 haee
1722 1478 2172 1565 temporum
2213 1460 2431 1541 velut

174 1567 501 1650 subficiva
552 1569 1017 1650 donabimus
1057 1568 1079 1647 ἓ
1157 1574 1364 1646 Nam
1404 1595 1547 1648 nec
1585 1596 1734 1674 ego
1796 1573 2229 1650 comminui
2283 1569 2434 1649 stu-

170 1678 451 1760 dentem
500 1685 581 1760 in
638 1681 757 1758 his
808 1680 1090 1770 artibus
1148 1679 1379 1759 volo:
1445 1705 1587 1759 nec
1645 1703 1728 1759 ut
1764 1680 2258 1768 moduletur,
2304 1700 2436 1759 aut

172 1792 432 1874 musteis
491 1796 705 1872 notis
750 1796 1061 1870 cantica
1092 1794 1463 1896 excipiat5
1526 1818 1673 1870 nec
1726 1798 1994 1900 utique
2047 1790 2142 1871 ad
2185 1794 2434 1871 minu-

172 1903 410 1984 tissima
460 1906 921 2013 geometriae
980 1928 1217 2007 opera
1293 1900 1719 1982 descendat.
1787 1960 1794 1969 -
1874 1911 2059 1984 Non
2129 1930 2433 1995 ,comoe-

170 2014 329 2096 dum
364 2024 441 2096 in
493 2008 1124 2122 pronuntiando,
1148 2040 1291 2091 nec
1328 2013 1763 2093 saltatorem
1811 2019 1893 2094 in
1925 2015 2139 2122 gestu
2189 2016 2430 2094 facio:

167 2152 308 2234 quae
355 2128 406 2207 sl
459 2131 737 2207 omnia
812 2130 1206 2233 exigerem
1243 2178 1267 2214 ‚
1334 2122 1857 2229 suppeditabat
1911 2149 2171 2206 tamen
2234 2148 2431 2209 tem-

166 2266 307 2341 pus.
412 2242 694 2347 Longa
733 2237 843 2316 est
890 2240 1103 2316 enim
1159 2262 1328 2343 quae
1392 2233 1607 2316 discit
1665 2258 1880 2328 aetaS,
1938 2244 2015 2320 &
2080 2265 2229 2344 ego
2270 2264 2434 2315 non

164 2347 250 2427 de
285 2349 506 2430 tardis
544 2351 875 2456 ingenijs
911 2347 1213 2457 loquor.
1304 2350 1664 2454 Denique
1704 2376 1843 2427 cur
1884 2353 1966 2429 in
2018 2351 2135 2429 his
2176 2350 2431 2427 omni-

164 2460 335 2549 bus,
395 2487 559 2570 quae
631 2457 987 2539 discenda
1054 2461 1345 2538 oratori
1414 2458 1681 2537 futuro
1752 2482 1949 2566 puto
1990 2514 2013 2547 ,
2108 2462 2434 2540 eminuit

162 2572 402 2652 Plato?
468 2577 597 2682 qui
686 2598 851 2651 non
901 2594 1306 2651 contentus
1367 2569 1780 2678 disciplinis
1839 2598 2023 2679 quas
2081 2569 2435 2677 praestarc

167 2707 487 2786 poterant
530 2684 917 2768 Athenae,
977 2710 1138 2761 non
1178 2682 1879 2788 Pythagoreorum,
1937 2681 2034 2761 ad
2093 2709 2287 2790 quos
2349 2685 2434 2761 in

170 2796 414 2875 ltaliam
451 2801 960 2903 navigaverat
981 2826 1003 2887 3
1098 2795 1410 2899 AEgypti
1454 2820 1769 2901 quoque
1834 2792 2257 2874 sacerdotes
2301 2790 2436 2871 ad-

169 2907 273 3004 ut,
328 2931 544 3016 atque
646 2933 940 2985 eorum
1020 2929 1286 2984 arcana
1352 2903 1782 3010 perdidicit.
1933 2902 2436 2985 Difficultatis

167 3025 544 3119 patrocinia
604 3019 1116 3125 praeteximus
1162 3015 1516 3120 segnitiae.
1610 3022 1886 3123 Neque
1947 3018 2160 3095 enim
2212 3013 2435 3094 nobis

165 3133 386 3232 operis
429 3159 667 3212 amor
734 3128 888 3207 est:
980 3155 1122 3205 nec
1181 3129 1361 3234 quia
1422 3124 1512 3203 sit
1572 3127 1928 3217 honesta,
1992 3149 2220 3234 atque
2262 3124 2437 3231 pul-

166 3239 502 3323 cherrima
544 3260 862 3322 ‘rerum
932 3239 1374 3345 eloquentia
1413 3292 1432 3326 ‚
1498 3241 1788 3341 petitur
1868 3236 2021 3341 ipsa
2053 3292 2076 3326 ,
2141 3234 2268 3314 sed
2342 3232 2441 3313 ad

171 3352 363 3431 vilem
422 3354 653 3434 usum
724 3358 811 3433 ὅ(
878 3348 1275 3430 sordidum
1328 3346 1635 3427 lucrum
1692 3350 2183 3454 accingimur.
2296 3350 2439 3424 Di-

175 3487 307 3543 cant
349 3463 503 3546 fine
562 3466 693 3544 his
777 3466 858 3541 in
907 3461 1084 3539 foro
1132 3458 1401 3549 multi,
1455 3463 1533 3539 ὃ(
1584 3462 2027 3567 acquirant;
2098 3457 2289 3538 dum
2349 3456 2443 3535 fit

181 3570 591 3678 locupietior
650 3576 943 3680 aliquis
1020 3569 1337 3650 sordida:
1409 3574 1687 3650 mercis
1791 3571 2230 3675 negotiator
2260 3624 2281 3658 ,
2367 3573 2447 3648 &

182 3680 323 3784 plus
353 3693 509 3768 voci
552 3687 723 3768 suae
787 3682 1064 3763 debeat
1121 3709 1394 3789 praeco.
1481 3689 1604 3761 Ne
1657 3683 1895 3761 velim
1956 3680 2272 3787 quidem
2336 3678 2444 3757 le·

178 3790 427 3876 &ooem
468 3799 641 3880 dari
702 3796 972 3882 mihi,
1040 3793 1229 3902 quid
1261 3790 1503 3872 studia
1564 3794 1898 3873 referant
1955 3811 2444 3898 computatu-

162 3930 338 3986 rum.
424 3917 560 4018 Qi
629 3934 856 3992 vero
911 3908 1325 4013 imaginem
1373 3903 1610 4009 ipsam
1665 3906 2126 4010 eloquentiae
2186 3899 2441 3982 divina

142 4017 463 4132 quadam
482 4041 787 4105 mente
838 4021 1278 4123 conceperit
1298 4071 1319 4105 ‚
1385 4020 1671 4126 quique
1706 4016 1921 4094 illam
1971 4025 2104 4109 (ut
2137 4017 2239 4092 ait
2280 4038 2445 4089 non

1318 4127 1396 4205 K
1443 4152 1479 4215 3
2223 4125 2446 4227 igno-
