3557 5113
272 240 520 407 De
578 238 1018 452 Instir³
1060 244 1769 428 oratoria,
1804 252 2100 412 Lib.
2135 254 2390 422 VI.
2598 293 2806 413 375.

197 560 313 664 qui
353 557 625 639 testem
640 556 1056 685 ‘dicentem
1100 559 1175 641 se
1218 590 1263 642 a
1298 560 1438 644 reo
1477 564 1970 655 vulneratum
1993 632 2016 668 ‚
2044 583 2470 693 interroga-
2494 606 2607 685 CA
2619 633 2680 686 p,
2731 609 2846 694 m,

192 688 389 749 verat
440 698 542 751 an
590 673 981 752 cicatrices
1038 674 1358 756 haberet
1417 708 1437 757 z
1509 707 1693 761 cum
1737 684 1872 765 ille
1928 689 2326 797 ingentem
2381 702 2465 779 in

190 779 463 861 femore
520 780 957 863 ostendisset
989 818 1017 877 ς
1080 796 1302 867 Latia·
1328 844 1352 875 ,
1408 793 1657 900 inquit
1676 848 1708 884 ,.
1758 811 2177 907 oportunius.
2224 817 2244 839 ‘
2260 816 2467 890 Con..

194 892 534 982 tumeliis
565 920 881 1002 quoque
931 899 1040 976 uti
1085 898 1286 980 belle
1344 899 1607 984 datur:
1668 929 1754 986 ut
1801 911 2048 1016 Hispo
2092 918 2456 1019 objicien-

195 1006 235 1080 ti
293 1005 453 1085 elisa
507 1031 862 1109 tempore
922 1013 1244 1091 crimina
1307 1015 1723 1096 accusatori
1781 1051 1801 1113 ;
1867 1032 2209 1106 Mentiris
2247 1087 2270 1121 ‚
2335 1034 2449 1112 in-

193 1121 353 1219 quit.
447 1125 535 1195 Et
591 1121 886 1199 fulvius
934 1127 1411 1231 propinquus
1456 1125 1717 1233 legato
1762 1132 2309 1243 interroganti,
2346 1170 2446 1224 an

195 1232 259 1305 in
303 1230 563 1307 tabulis
635 1259 820 1337 quas
876 1235 1359 1335 proferebat,
1424 1239 1983 1347 chirographus
2037 1250 2275 1348 effet3
2349 1269 2441 1335 Et

187 1371 403 1431 verus,
465 1347 718 1447 inquit
754 1401 774 1425 ‚
842 1345 1138 1424 domine.
1215 1353 1376 1428 Has
1419 1372 1545 1430 aut
1617 1358 1876 1459 accepi
1935 1354 2261 1463 species,
2306 1385 2438 1444 aut

185 1458 411 1534 inveni
455 1458 1094 1562 frequentissimas
1124 1512 1148 1548 ,
1195 1487 1316 1539 cx
1359 1463 1632 1567 quibus
1688 1464 2017 1549 ridicula
2067 1470 2440 1554 ducerenae

184 1588 341 1644 tur:
399 1566 541 1646 Sed
591 1590 937 1672 repetam
980 1568 1286 1650 necess'e‘
1319 1572 1427 1650 est
1483 1572 1815 1655 infinitas
1869 1580 2013 1659 elle
2063 1604 2224 1663 tam
2300 1584 2437 1666 sal-

181 1678 241 1754 se
293 1678 585 1756 dicendi
644 1708 874 1786 quam
940 1682 1252 1776 [ἕψει-ες
1332 1710 1520 1790 quas
1566 1687 1870 1791 praestat
1913 1693 2282 1797 pei-lona,
2315 1696 2432 1777 lo-

179 1816 291 1866 cus
327 1846 345 1880 ‚
409 1814 712 1896 tempus
754 1848 772 1882 ‚
838 1794 1038 1872 casias
1090 1792 1419 1900 denique
1465 1849 1493 1888 ,
1552 1801 1681 1904 qui
1732 1799 1843 1879 est
1912 1808 2258 1888 maxime
2303 1836 2435 1890 va-

170 1899 329 1980 n‘us.
430 1907 696 2009 ltaque
762 1904 925 1982 haec
970 1932 1070 1984 ne
1128 1905 1453 1987 omifissb
1504 1910 1813 1993 viderer
1860 1969 1884 2005 ,
1969 1920 2188 2025 attigi
2230 1951 2247 1999 t
2302 1916 2459 1999 ina'

169 2034 413 2093 autem
446 2041 617 2122 quae
672 2013 771 2094 de
818 2014 954 2095 usu
1011 2017 1179 2123 ipso
1227 2024 1306 2100 &
1346 2019 1592 2102 modo
1626 2026 1931 2123 jocandi
1969 2031 2428 2137 complexus

161 2122 330 2204 sum
358 2178 380 2215 ‚
427 2124 615 2205 adeo
670 2124 979 2207 infirma
1007 2184 1030 2220 ,
1087 2128 1216 2209 sed
1268 2129 1497 2236 plane
1553 2136 1972 2218 necess'aria.
2104 2145 2247 2222 His
2304 2140 2431 2221 ad·

161 2235 320 2336 jieit
362 2240 749 2318 Domitim
802 2239 1088 2321 Marsus
1118 2297 1142 2333 ,
1203 2245 1340 2350 qui
1383 2240 1481 2322 de
1532 2246 1960 2329 urbanitate
2015 2249 2429 2357 diligentiss

157 2344 337 2429 fime
395 2349 681 2457 scripfit
728 2405 754 2442 ‚
827 2351 1181 2459 quaedam
1249 2382 1413 2435 non
1467 2356 1789 2439 ridicula
1841 2416 1866 2451 ,
1929 2360 2056 2442 sed
2104 2364 2425 2446 cuilibet

155 2456 616 2545 severiffimae
671 2467 1006 2545 orationi
1053 2470 1605 2549 convenientia
1652 2471 2046 2578 eleganter
2081 2472 2305 2567 dista,
2340 2480 2423 2572 ὃς

157 2579 459 2681 proprio
525 2575 872 2684 quodam
914 2576 1184 2685 lepore
1225 2578 1558 2680 jucunda
1607 2609 1625 2657 ε
1677 2610 1848 2691 quae
1881 2582 2051 2665 sunt
2100 2586 2421 2695 quidem

158 2686 422 2767 urbana
462 2745 483 2773 ,
539 2687 669 2768 sed
742 2687 975 2768 risum
1032 2712 1294 2771 tamen
1350 2720 1512 2771 non
1558 2694 1863 2776 habent.
2013 2704 2291 2805 Neque
2347 2727 2424 2778 e-

156 2799 313 2875 nim
362 2805 429 2880 ei
487 2799 587 2879 de
641 2799 795 2880 risu
824 2855 847 2890 ,
900 2800 1054 2881 fed.
1099 2801 1197 2882 de
1253 2804 1685 2886 urbanitate
1740 2807 1850 2887 est
1897 2835 2089 2913 opus
2135 2811 2428 2890 institu-

150 2930 369 3005 tum3
444 2939 692 3020 quam.
745 2917 1144 3018 propriam
1193 2913 1340 2994 esse
1389 2917 1667 2999 nostrae
1711 2922 2039 3001 civitatis'
2100 2925 2203 3001 ait
2259 2953 2277 3001 ε
2343 2928 2425 3002 δε

142 3018 309 3100 sero
359 3022 457 3102 fic
514 3021 845 3129 intelligi
898 3047 1238 3133 coeptam
1284 3081 1309 3117 ,
1372 3029 1781 3135 postquam
1839 3030 2454 3141 urbib-appella:

138 3135 435 3212 tionem
459 3191 479 3219 ,
532 3133 828 3214 etiamsi
884 3165 1181 3217 nornen
1236 3142 1646 3245 proprium
1707 3169 1865 3221 non
1917 3139 2372 3242 adjiceretur
2393 3198 2419 3233 ‚

132 3259 429 3325 Romam
480 3268 737 3327 tamen
807 3252 1046 3356 accipi
1097 3246 1189 3328 fit
1245 3273 1667 3356 receptum.
1781 3258 2122 3360 Eamque
2174 3254 2273 3333 sic
2327 3253 2417 3333 fi-

128 3360 252 3435 nit
292 3390 312 3437 :
389 3358 771 3440 urbanitas
822 3360 917 3463 (st
960 3370 1197 3442 virtus
1254 3364 1567 3472 quaedam
1604 3372 1688 3444 in
1730 3363 1940 3445 breve
1977 3366 2248 3446 didam
2307 3396 2411 3446 co-

124 3477 297 3547 aaa
332 3525 349 3551 ‚
399 3471 487 3563 ά
523 3497 695 3581 apta
737 3472 841 3552 ad
894 3474 1337 3555 deleHandos
1388 3478 1886 3589 movendosff'aeue
1933 3477 2253 3584 homines
2328 3487 2421 3559 in.

122 3610 401 3659 omnem
445 3585 770 3693 ffoqum
801 3641 824 3667 ‚
881 3594 1197 3666 maxime
1244 3585 1496 3668 idonea
1538 3590 1646 3667 ad
1698 3589 2122 3697 rcsssendum
2179 3648 2201 3674 ,
2289 3594 2419 3669 ‘vel

115 3692 566 3799 lacqffendnm
624 3752 648 3787 ‚
709 3723 927 3806 prout
994 3728 1274 3810 quaque
1335 3731 1450 3781 res
1530 3729 1613 3781 ac
1672 3702 1968 3811 perso'na
2051 3703 2403 3810 desiderat.

108 3808 262 3887 Cui
312 3805 373 3889 fi
412 3807 797 3889 brevitatis
842 3816 1385 3915 exceptionem
1434 3812 1854 3893 detraxeris
1899 3870 1921 3903 ,
1985 3840 2258 3894 omnes
2314 3842 2406 3894 o-

92 3923 425 4003 rationis
479 3925 808 4002 virtutes
848 3923 1267 4028 complexa
1313 3923 1424 4004 fit.
1526 3932 1736 4005 Nam
1792 3924 1896 4004 fic
1949 3927 2242 4011 mustat
2283 3954 2405 4005 re-

86 4033 222 4118 bus
273 4039 364 4119 &
425 4033 779 4143 personis
834 4069 862 4126 ,·
931 4039 1011 4119 &
1070 4032 1286 4146 quod
1324 4041 1409 4122 in
1469 4038 1808 4147 utrisque
1871 4060 2229 4141 oporteat
2279 4036 2401 4146 dvi-

2192 4173 2394 4237 cere,
