3557 5113
259 209 1697 419 Delnstitl·Omtoi·ia,
1727 201 2050 377 Lib:
2092 201 2358 372 IX.
2568 215 2783 342 583

184 523 465 610 adhibet
515 524 790 609 mufica
873 525 1068 606 ratio
1147 547 1536 609 numeros.
1577 521 1600 550 ³
1647 523 1922 632 Qid'?
1960 551 2122 619 non
2163 521 2323 612 voi
2367 517 2449 613 δ’(
2469 522 2656 606 Cu‘.
2680 517 2819 616 IV,

185 641 363 720 astus
397 634 1035 720 accommodatur
1069 660 1356 718 naturae
1391 640 1724 746 ipsarum
1757 639 1865 720 de
1923 642 2217 748 quibus'
2256 641 2453 723 diei-

187 780 335 833 mus
360 753 674 832 rerum?
719 757 900 844 Quo
940 753 1197 830 minus
1242 750 1321 831 id
1359 756 1650 838 mirum
1694 756 1777 832 in
1815 754 2133 859 pedibus
2157 757 2445 834 oratio-

187 870 322 954 nis,
353 887 533 943 cum
582 862 908 943 debeant
945 861 1310 941 sublimia
1345 862 1688 969 ingredi,
1719 864 1921 954 lenia
1952 864 2198 952 duci,
2241 871 2446 948 acria

186 1001 504 1066 currere,
564 973 882 1054 delicata
919 971 1508 1082 fluere.1taque
1531 976 1677 1055 ubi
1717 977 1829 1054 est
1857 976 2208 1068 necesse,
2263 977 2449 1057 affe-

189 1089 448 1168 stamus
495 1089 727 1166 etiam
762 1106 1170 1166 mmorem
1211 1114 1309 1166 ex
1331 1085 1687 1194 spondeis
1706 1109 1937 1224 atquc
1973 1031 2248 1192 iambis
2286 1111 2455 1178 ma-

189 1200 713 1307 xime,quibus
752 1204 1241 1289 continetur,-

190 1393 311 1488 Ego
346 1385 609 1488 impero
636 1390 884 1491 Argis.
896 1381 1186 1492 [ἔφηνε
1209 1351 1404 1458 mihi
1441 1381 1665 1488 liqtfit
1699 1383 1961 1491 Pelops.
2052 1357 2089 1424 *Χ
2214 1371 2245 1468 s

190 1525 286 1601 At
315 1518 437 1599 ilie
486 1523 829 1599 comicus
851 1545 1070 1627 aeque
1106 1517 1474 1643 senariuS,
1593 1547 1772 1598 uem
1801 1505 2282 1602 trochaicum
2321 1529 2460 1603 voi

191 1655 386 1723 cant,
424 1631 772 1737 pluribus
802 1632 1161 1720 choreis,
1213 1632 1346 1738 qui
1384 1653 1553 1710 troc
1673 1633 1699 1708 i
1737 1631 1849 1710 ab
1861 1631 2026 1712 {iliis
2066 1629 2461 1724 discuntur,

194 1744 772 1851 pyrrhichiisque
827 1742 1244 1824 decurrit.-
1302 1740 1431 1821 std
1457 1767 1840 1850 quantum
1897 1733 2299 1894 celeritatis
2330 1746 2463 1832 ha·

195 1855 340 1941 bet,
383 1878 686 1936 tantum
730 1856 1122 1960 gravitatis
1164 1857 1484 1938 amittit:
1753 1899 1756 1904 ·
2168 1899 2175 1904 ·

301 1966 511 2074 Qid
543 1975 778 2076 igitur
787 1966 1113 2073 ficiam?
1150 1996 1292 2046 non
1324 1995 1484 2046 eam
1522 1997 1611 2047 ne
1638 1998 1829 2050 nunc
1860 1968 2180 2077 quidem
2168 1973 2207 2030 θ

194 2080 547 2186 Asperum
586 2107 779 2160 vero
820 2085 900 2160 ὅ(
941 2075 1413 2159 maledicum
1461 2084 1696 2159 etiam
1733 2086 1818 2160 in
1858 2083 2236 2169 carmine,
2273 2079 2463 2181 jam·

197 2191 293 2272 bis
332 2191 744 2299 graffiitur·
718 2247 742 2282 ,

305 2312 497 2409 Qis
535 2302 664 2383 boc
682 2302 909 2413 potest
925 2301 1175 2384 *andere
1196 2357 1218 2392 ,
1261 2308 1431 2412 quis
1447 2302 1676 2411 pots-est
1688 2310 1885 2415 pati,

298 2417 499 2520 Nisi
468 2447 575 2494 tm
557 2415 889 2526 pudicus,
934 2414 1027 2508 ό·
1050 2443 1280 2502 vorax
1296 2470 1318 2506 ,
1340 2412 1433 2505 (y
1466 2416 1618 2493 aleo
1634 2420 1675 2493 ἒ

199 2528 271 2604 ln
309 2440 742 2610 universum
776 2549 1062 2619 autem,
1100 2526 1156 2606 si
1194 2524 1286 2606 fit
1320 2524 1691 2611 necesse,
1738 2523 2017 2606 duram
2053 2525 2311 2633 potius
2353 2545 2464 2605 at

199 2662 329 2764 que
362 2638 704 2746 asperam
740 2631 1398 2747 compositionem
1441 2638 1713 2719 malim
1752 2638 1941 2729 esse,
1974 2665 2207 2746 quam
2247 2634 2464 2718 effoe-

200 2753 546 2831 minatam
588 2758 668 2833 δε
695 2781 1086 2843 enervem,
1110 2751 1351 2859 qualis
1392 2748 1596 2858 apud
1633 2750 1955 2831 multos·
1994 2757 2073 2833 ὃ(
2108 2748 2471 2869 quotidie

196 2868 417 2971 magis
448 2862 710 2946 lascivi
731 2863 985 2946 sumus
1010 2864 1524 2993 syntonorum
1559 2860 1816 2943 modis
1854 2850 2279 2946 saltitantes.
2343 2866 2466 2943 Ac

195 2998 281 3052 ne
304 2997 455 3055 tam
487 2976 699 3056 bona
734 2976 1053 3084 quidem
1084 2977 1235 3056 ulla
1274 2981 1441 3062 erit,
1460 2999 1543 3056 ut
1577 2974 1855 3057 debeat
1894 2974 2039 3055 effe
2073 2974 2467 3056 continua,

193 3088 312 3166 ὃ(
295 3114 371 3167 ιιι
403 3087 720 3169 eosdem
760 3088 1064 3195 semper
1114 3087 1401 3195 pedes
1382 3116 1519 3168 ire.
1571 3094 1780 3167 Nam
1824 3091 1903 3165 &
1987 3081 2466 3167 versificandi

200 3221 415 3302 genus
453 3200 590 3291 est,
616 3228 854 3281 unam
886 3201 1145 3308 legem
1183 3201 1543 3280 omnibus
1590 3194 2064 3278 sermonibus
2117 3194 2356 3275 darc:
2387 3198 2467 3274 δε

197 3305 272 3386 id
311 3338 485 3392 cum
527 3312 929 3393 manifesta
968 3311 1455 3392 affestatione
1494 3323 1521 3409 (
1558 3314 1771 3413 cujus
1813 3310 1926 3387 rei
1961 3311 2304 3388 maxime
2347 3333 2467 3387 ca-

204 3421 429 3501 venda
469 3422 798 3530 suspicio
829 3424 993 3521 est)
1031 3446 1202 3504 tum
1244 3426 1479 3503 etiam
1523 3422 1841 3504 taedium
1900 3445 1996 3497 ex
2043 3416 2470 3499 similitudi-

208 3554 300 3608 ne
329 3560 405 3612 ae
423 3533 753 3616 fittietate
783 3557 1040 3616 creat.-
1084 3562 1398 3645 quoque
1419 3535 1530 3616 est
1566 3533 1885 3615 dulcius,
1918 3536 2162 3639 magis
2185 3530 2469 3636 perdit,

205 3666 397 3749 aeque
423 3668 502 3725 ut
545 3646 815 3730 fidem,
837 3645 926 3727 &
972 3646 1342 3739 aflectus,
1377 3648 1789 3754 motusque
1837 3671 2155 3734 omnes,
2188 3646 2320 3749 qui
2362 3642 2475 3721 est

202 3755 281 3832 in
313 3753 446 3836 hac
485 3784 669 3837 cura
709 3757 1283 3863 deprehensus.-
1350 3787 1495 3839 nee
1535 3759 1789 3868 potest
1821 3760 1891 3836 ei
1926 3755 2299 3844 credere,
2342 3778 2476 3835 aut

197 3889 504 3972 propter
540 3898 728 3951 eum
765 3869 1027 3950 dolere
1068 3876 1145 3953 δε
1173 3871 1388 3951 irasci
1425 3871 1706 3972 judex,
1759 3873 1882 3951 eui
1918 3891 2133 3975 putat
2164 3867 2317 3946 hoc
2345 3894 2476 3947 va·

197 3999 379 4085 care.
397 3978 581 4101 Ideo
604 4010 919 4096 quoque
938 3985 1190 4067 vincta
1203 3982 1558 4089 quaedam
1588 3981 1796 4096 quafi
1814 3980 2178 4068 solvenda
2199 3978 2295 4057 de
2345 3981 2460 4055 in-

1132 4091 1422 4203 Dddd
1464 4119 1503 4198 3
2195 4086 2487 4175 dustria
