3557 5113
790 201 1034 340 ‘2‘80
1401 197 1559 304 M.
1666 194 2029 303 FAnu
2140 191 3144 327 Qutmcntmm

717 495 907 577 Cn,
941 494 1046 580 X,
1135 486 1265 567 est..
1359 488 1547 564 Haec
1619 482 1793 562 fere.
1836 477 2457 584 circaperionas
2514 475 2725 571 sunt,
2782 501 2913 561 aut
2956 481 3072 561 his
3122 478 3367 561 similia
3456 540 3457 581 3

1129 599 1302 680 Nec
1341 601 1555 675 enim
1595 588 2010 699 complesti
2057 593 2325 669 omnia
2359 583 2485 670 vel
2528 588 2669 670 hac
2726 597 2806 671 in
2864 615 3121 698 parte,
3176 591 3281 672 vel
3312 597 3373 668 in
3456 608 3457 653 ὲ

1130 713 1423 788 caeteris
1463 706 1897 813 postumus,
1944 705 2294 789 contenti
2327 704 2710 782 rationem
2744 705 2964 810 plura
3006 699 3374 810 quaefituris
3456 706 3457 783 3

1123 817 1551 921 ostendere.
1643 825 1874 897 Nunc
1918 812 2016 893 ad
2048 841 2167 891 res
2215 812 2554 899 transeo,
2611 816 2691 911 in
2744 816 3019 923 quibus
3078 820 3374 894 maxime
3456 814 3457 905 ᾖ

1126 932 1301 1012 sunt
1340 925 1679 1037 personis
1722 926 1978 1028 junAEta
2015 946 2185 1033 quae
2219 927 2557 1029 agimus,
2594 920 2924 1035 ideoque
2973 931 3219 1033 prima
3257 949 3375 1004 tra-
3456 954 3457 1035 J

1128 1041 1421 1122 standa.
1519 1046 1606 1119 ln
1631 1036 1993 1118 omnibus
2051 1061 2290 1141 porro
2330 1036 2503 1142 qu'ae
2573 1035 2769 1116 fiunt
2790 1095 2814 1129 ,
2870 1041 3229 1146 quaeritur
3274 1056 3376 1114 aut
3456 1044 3457 1065 ³

1129 1178 1280 1260 qua
1315 1151 1412 1232 de
1446 1181 1575 1245 re,
1623 1171 1752 1230 aut
1798 1148 1974 1235 ubi,
2012 1168 2138 1228 aut
2168 1145 2525 1253 quando,
2591 1172 2723 1231 aut
2777 1148 3221 1258 quomodo,
3275 1168 3378 1225 aut
3456 1142 3457 1233 J

1129 1293 1277 1372 per
1317 1290 1485 1371 quae
1531 1262 1723 1342 faita
1771 1261 1962 1341 sunt.
2071 1265 2485 1353 Ducuntur
2532 1263 2770 1365 igitur
2818 1282 3259 1366 argumenta
3299 1284 3375 1335 ex
3456 1258 3457 1315 3

1129 1374 1363 1455 causls
1402 1374 1784 1454 factorum
1809 1430 1831 1463 ‚
1879 1369 2004 1454 vel
2050 1369 2529 1450 futurorum:
2603 1398 2942 1479 quorum
2986 1372 3376 1458 materiam,

1128 1513 1372 1596 quam
1408 1484 1561 1576 ὅλην
1591 1484 1764 1575 alii,
1796 1473 2072 1581 δύναμιν
2117 1479 2247 1559 alii
2287 1472 2887 1564 nominaverunt
2907 1537 2933 1574 ,
2974 1485 3057 1562 in
3093 1482 3245 1563 duo
3272 1506 3377 1586 ge
3456 1492 3457 1553 i

1126 1625 1357 1683 nera,
1411 1594 1551 1688 ,sed
1587 1616 1993 1702 quaternas
2037 1588 2425 1696 utriusque
2458 1590 2809 1676 dividunt
2841 1592 3145 1699 species.
3207 1593 3380 1670 Nam
3456 1594 3457 1677 ἶ

1121 1707 1288 1788 fere
1354 1705 1686 1823 yersatur
1745 1710 1946 1784 ratio
2001 1699 2329 1783 faciendi
2380 1706 2585 1783 circa
2639 1703 3029 1784 bonorum
3071 1700 3379 1811 adeptio-
3456 1732 3457 1813 j

1118 1845 1372 1925 nem,
1433 1817 2062 1913 incrementum,
2127 1807 2788 1895 conservationem
2827 1870 2853 1907 ‚
2935 1815 3193 1908 usum3
3272 1830 3378 1893 aut
3456 1894 3457 1905 Ν

1117 1929 1514 2015 malorum
1550 1929 2050 2009 evitationem
2072 1979 2095 2016 ,
2124 1922 2665 2006 liberationem
2683 1983 2705 2016 ‚
2750 1927 3379 2013 imminutionem,
3456 1948 3457 1989 i

1120 2036 1640 2119 tolerantiam.
1735 2064 2072 2145 namque
2130 2039 2211 2116 &
2267 2035 2429 2117 haee
2479 2040 2558 2116 in
2607 2036 3113 2118 deliberando
3177 2037 3382 2144 pluri-
3456 2038 3457 2067 ¹

1115 2153 1362 2248 mumf
1392 2149 1671 2235 valent.
1776 2146 1924 2231 Sed
1989 2149 2124 2227 has
2176 2147 2426 2249 causas
2494 2146 2773 2229 habent
2843 2148 3086 2229 recta:
3181 2172 3380 2257 prava
3456 2176 3457 2179 ¹

1115 2283 1393 2359 contra
1422 2288 1520 2342 ex
1553 2257 1747 2342 falfis
1773 2256 2264 2368 opinionibus
2302 2260 2645 2365 veniunt.
2713 2266 2919 2339 Nam
2954 2260 3065 2339 est
3111 2260 3225 2341 his
3264 2261 3382 2338 ini-

1111 2382 1317 2451 tium
1351 2399 1447 2455 ex
1484 2374 1571 2452 iis
1613 2398 1784 2480 quae
1829 2368 2245 2452 creduntur
2283 2370 2484 2450 bona
2517 2392 2646 2449 aut
2685 2370 2927 2461 mala,
2980 2370 3167 2450 inde
3205 2397 3384 2451 erro-

1108 2492 1237 2587 'tes
1280 2483 1651 2575 existunt,
1714 2476 1794 2565 8(
1832 2476 2137 2592 pessimi
2174 2477 2517 2564 affestus:
2621 2486 2701 2560 in
2733 2479 3005 2591 quibus
3054 2483 3228 2564 sunt
3259 2490 3386 2570 ira,

1106 2592 1427 2685 odium,
1484 2592 1815 2684 invidia,
1873 2590 2291 2704 cupiditas,
2356 2592 2520 2698 spes
2545 2648 2568 2683 ,
2629 2596 2956 2674 ambitus
2978 2648 3002 2684 ,
3056 2590 3382 2682 audacia,

1104 2726 1403 2798 metus,
1460 2727 1886 2812 eaeteraque
1948 2707 2249 2810 generis
2290 2701 2654 2814 ejusdem.
2765 2702 3205 2786 “Accedunt
3270 2703 3387 2785 ali-

1104 2814 1422 2923 quando
1463 2816 1778 2895 fortuita
1797 2871 1819 2899 ,
1881 2814 2243 2902 ebrietas,
2303 2813 2751 2921 ignorantia.
2846 2820 3038 2919 Qae
3094 2820 3383 2898 interim

1101 2925 1210 3004 ud
1243 2931 1549 3010 veniam
1591 2924 1893 3016 valent,
1939 2929 2259 3006 'interim
2303 2925 2399 3034 ad
2434 2926 2980 3031 probationem
3022 2928 3389 3032 criminis:

1107 3057 1197 3141 ut
1236 3027 1488 3144 fi'quis
1526 3035 1717 3130 dum
1747 3035 1875 3116 alii
1909 3031 2345 3126 insidiatur,
2368 3034 2609 3116 alium
2650 3034 2947 3117 dicetur
2982 3036 3389 3120 interemis-

1111 3144 1213 3228 se.
1261 3225 1290 3230 ff
1324 3146 1580 3236 Causae
1619 3174 1864 3253 porro
1910 3172 2069 3228 non
2115 3142 2225 3232 ad
2253 3142 2875 3236 convincendum
2906 3148 3158 3233 modo
3197 3143 3395 3260 quod

1106 3261 1475 3364 objicitur
1491 3314 1515 3349 ‚
1564 3256 1694 3348 sed
1722 3256 1836 3338 ad*
1867 3254 2440 3342 defendendum
2472 3285 2785 3367 quoque
2827 3266 3084 3342 excuti
3133 3263 3394 3350 solent,

1081 3395 1295 3476 =eum
1341 3374 1511 3476 quis
1555 3367 1628 3447 se
1679 3368 1885 3448 reete
1925 3367 2218 3454 feciss'e‚
2270 3368 2353 3450 id
2398 3370 2509 3450 est
2559 3367 2877 3451 honesta
2919 3372 3185 3458 causa,
3233 3401 3399 3454 con-

1101 3478 1400 3570 tendit:
1467 3505 1617 3587 qua
1678 3476 1778 3558 de
1833 3507 1921 3559 re
1986 3478 2208 3561 latius
2275 3481 2357 3562 in
2410 3484 2642 3562 tertio
2687 3482 2896 3563 libro
2944 3482 3245 3567 dictum
3279 3483 3399 3564 est

1097 3589 1506 3684 Finitionis
1557 3616 1872 3699 quoque
1921 3589 2371 3699 quaestiones
2420 3620 2527 3672 ,ex
2554 3592 2785 3675 causis
2841 3599 3161 3680 interim
3222 3623 3397 3702 pen·

1100 3693 1314 3810 dent.
1425 3707 1556 3784 An
1584 3701 2105 3808 tyrannicida,
2172 3710 2307 3813 qui
2349 3727 2768 3811 tyrannum
2808 3735 2857 3786 a
2911 3732 3069 3815 qao
3132 3705 3398 3815 depref

1096 3807 1378 3892 hensus
1425 3817 1507 3892 in
1552 3814 1938 3895 adulterio
1990 3813 2282 3903 fuerat,
2337 3815 2643 3898 occidit.
2756 3821 2889 3904 An
2941 3816 3397 3925 sacrilegus,

1099 3926 1238 4033 qui
1275 3947 1361 4006 ut
1395 3923 1647 4012 hostes
1677 3926 1863 4009 urbe
1896 3926 2352 4034 expelleret,
2393 3953 2606 4010 arma
2654 3925 2953 4038 templo
2992 3931 3235 4012 affixa
3276 3927 3396 4009 de-

1858 4077 1867 4088 ·
3152 4062 3384 4123 traxit.
