3557 5113
303 105 542 263 De
601 102 1043 315 [ηβίί.
1103 106 1812 291 Oratoria',
1851 96 2162 258 Lib.
2205 102 2411 262 X.
2648 135 2809 261 631

422 423 514 502 M
542 452 583 499 A
615 449 928 503 xruvs
980 450 1173 505 vero
1221 422 1659 508 studiorum
1711 426 2000 507 fructus
2055 424 2206 514 est,
2245 430 2324 506 &
2357 449 2491 508 ve·
2534 451 2716 526 Cu>
2738 440 2997 570 V11.‘

202 532 319 612 lut
360 535 773 635 praemium
826 532 1231 642 quoddam
1281 534 1853 643 amplissimum
1880 537 2135 642 longi
2171 536 2483 629 laboris,

203 670 336 721 cx
321 666 705 747 ternpore
753 643 1062 744 dicendi
1133 647 1522 727 facultas.-
1594 676 1837 756 quam
1901 652 2037 752 qui
2087 673 2255 727 non
2329 653 2479 729 erit

204 752 712 846 consecutuS,
730 782 941 836 mea
986 757 1312 865 quidem
1357 756 1734 840 sententia
1791 760 2146 842 civilibus
2192 758 2479 840 officiis

202 866 732 956 renunciabit,
754 871 834 947 δε
869 866 1115 947 solam
1149 849 1531 962 scribendi
1577 870 2032 994 facultatem
2072 873 2334 976 potius
2376 870 2476 951 ad

206 976 352 1054 alia
407 1002 648 1081 opera
715 1002 1140 1074 convertet.
1270 983 1431 1060 Vix
1483 984 1699 1060 enim
1721 982 1995 1062 bonae
2050 979 2237 1060 fidei
2298 979 2519 1061 viro

205 1089 575 1168 convenit
629 1090 1007 1169 auxilium
1067 1092 1153 1169 in
1203 1090 1609 1195 publicum
1655 1093 2076 1198 polliceri,
2109 1089 2328 1200 quod
2386 1091 2499 1171 in'

207 1194 790 1304 praesentissimis
837 1200 1272 1308 quibusque
1316 1200 1678 1306 periculis
1737 1201 1980 1282 defit.
2040 1224 2126 1280 ut
2179 1201 2477 1282 indica-

200 1336 279 1388 re
330 1330 654 1433 portum
701 1361 729 1399 ,
797 1314 896 1391 ad
948 1337 1238 1419 quem
1231 1315 1475 1393 navis
1532 1310 1897 1392 accedere
1954 1303 2095 1391 nisi
2168 1311 2472 1393 lenibus

199 1423 442 1503 ventis
499 1421 773 1514 vesta,
839 1447 1006 1502 non
1050 1419 1302 1528 possit.
1417 1420 1818 1530 Siquidem
1860 1415 2498 1503 innumerabiles·⁴

202 1529 561 1624 accidunt
615 1529 877 1613 subitae
932 1529 1411 1613 necessitates
1451 1589 1474 1624 ,
1550 1532 1682 1615 vel
1728 1532 1936 1640 apud
1985 1532 2473 1640 magistratus

197 1644 316 1725 vel
347 1640 913 1749 repraesentatis
955 1643 1261 1771 judiciis
1297 1648 1680 1725 continuo
1725 1643 2032 1756 agendi.
2116 1650 2333 1746 Qar

197 1754 249 1835 fi
277 1782 426 1880 qua
477 1781 644 1835 non
688 1751 870 1836 dico
910 1760 1345 1864 cuicunque
1388 1758 1940 1837 innocentium
1961 1671 2475 1845 &vimmffi

203 1871 637 1960 amicorum
690 1893 779 1946 ac
823 1871 1456 1976 propinquorum
1508 1867 1745 1948 alicui
1789 1871 2180 1959 evenerit,
2219 1866 2473 1946 stabit·
2486 1967 2492 1980 .

199 2003 320 2057 ne
344 2001 610 2058 mutus
648 2030 673 2067 ,
721 1982 800 2059 δε
846 1977 1264 2059 salutarem
1317 1979 1760 2103 petentibus
1804 2006 2140 2070 vocem,
2185 1975 2472 2066 statim,

199 2086 257 2176 fi
300 2116 465 2169 non
521 2087 1047 2186 succurratur,
1079 2092 1441 2197 perituris
1479 2143 1503 2181 ‚
1559 2102 1820 2170 moras
1874 2096 1952 2170 ὃ(
1994 2087 2357 2170 secessum
2395 2091 2477 2169 ὅ(

202 2198 590 2296 silentium
646 2222 938 2308 quaeret
990 2255 1016 2294 ,
1096 2200 1288 2282 dum
1339 2199 1476 2280 illa
1523 2200 1759 2283 verba
1800 2200 2274 2280 fabricentur
2312 2251 2337 2288 ,
2391 2202 2474 2280 ὅ(
2594 2216 2603 2224 ’

195 2315 597 2393 memoriae
683 2310 1018 2394 insidant
1069 2367 1094 2404 ,
1163 2318 1242 2395 δε
1295 2339 1458 2394 vox
1518 2339 1609 2392 ac
1672 2311 1876 2393 latus
1947 2307 2473 2417 praeparetur?

198 2427 373 2524 Qae
427 2450 630 2516 v'ero
665 2426 968 2548 patitur
1018 2424 1173 2504 hoc
1216 2425 1416 2503 ratio
1468 2445 1558 2504 ut
1598 2426 2067 2531 quisquam
2062 2419 2156 2502 fit
2202 2441 2474 2502 orator

198 2533 616 2645 aliquando
664 2535 1091 2641 imparatus
1130 2531 1228 2615 ad
1269 2532 1539 2617 casus?
1597 2533 1855 2637 Qid,
1893 2561 2076 2615 cum
2126 2529 2476 2616 adversa,

200 2651 314 2728 rio
353 2643 989 2755 respondendum
1031 2650 1221 2738 erit,
1249 2645 1434 2727 fiet?
1478 2652 1690 2727 Nam
1729 2645 1923 2752 saepe
1969 2674 2061 2727 ea
2094 2673 2269 2757 quae
2300 2646 2477 2750 opi-

196 2761 343 2843 nati
378 2760 681 2848 sumus,
720 2764 799 2855 δε
829 2780 1105 2839 contra
1151 2786 1324 2868 quae
1360 2756 1793 2865 scripsimus
1813 2812 1837 2851 ,
1866 2758 2196 2845 fallunt,
2230 2784 2319 2841 ac
2353 2779 2475 2836 toa

196 2892 265 2950 ta
315 2871 571 2953 subito
622 2869 864 2969 causa
891 2893 1256 2951 mutatur.
1370 2875 1637 2978 Atque
1684 2892 1768 2951 ut
1815 2870 2321 2996 gubernatori
2369 2863 2474 2947 acl

196 2958 524 3065 incursus
579 2979 1177 3110 tempestatum,
1211 2980 1314 3062 fic
1352 2983 1629 3087 agenti·
1650 2978 1750 3063 ad
1801 2984 2256 3062 varietatem
2294 3003 2476 3057 cau-

194 3092 435 3175 sarum
493 3098 703 3176 ratio
757 3092 1137 3191 mutanda
1192 3091 1322 3171 est.
1434 3088 1647 3191 Qid
1702 3117 1944 3197 porro
1993 3090 2287 3170 multus
2326 3087 2478 3194 sty-

185 3205 354 3296 lus,
390 3212 469 3289 δι
521 3203 814 3305 affidua
861 3206 1095 3291 lectio
1117 3257 1142 3294 ,
1184 3208 1263 3285 δι
1299 3200 1539 3308 longa
1575 3201 2009 3305 studiorum
2047 3222 2229 3282 aetas
2266 3199 2476 3290 facit,

200 3314 257 3394 s1
303 3339 582 3413 manet
636 3312 917 3411 cadem
969 3342 1142 3424 quae
1189 3313 1336 3394 fuit
1394 3298 1947 3419 incipientibus
2010 3304 2474 3415 difficultas?

202 3428 482 3508 Periisse
549 3398 942 3535 profesto
960 3423 1511 3508 confitendum
1562 3423 1673 3504 est
1726 3427 2210 3532 praeteritum
2250 3418 2477 3503 labo—

206 3564 402 3631 rem,
433 3544 564 3621 cui
615 3538 923 3645 semper
967 3538 1186 3620 idem
1223 3522 1747 3617 laborandum
1806 3536 1933 3616 est.
1995 3542 2275 3642 Neque
2318 3560 2476 3638 ego

199 3647 348 3729 hoc
380 3677 576 3756 agn,
615 3673 701 3749 ut
745 3677 846 3730 ex
887 3672 1252 3757 tempore
1291 3647 1580 3730 dicere
1606 3645 1875 3745 malit,
1912 3645 2071 3726 sed
2091 3669 2179 3729 ut
2218 3642 2477 3762 polilt,

197 3759 277 3841 ld
327 3785 593 3842 autem
652 3764 996 3843 maxime
1046 3762 1201 3840 hoc
1257 3757 1509 3841 modo
1559 3744 2179 3885 consequemur.
2265 3763 2485 3837 Nota

188 3869 280 3952 fit
307 3878 667 3983 primum
713 3869 1026 3976 dicendi
1063 3876 1212 3956 via.
1322 3878 1629 3979 Neque
1640 3874 1859 3979 enim
1858 3897 2133 3982 prius
2167 3856 2475 3953 contin-

896 4022 901 4027 ·
1188 3981 1334 4067 Kk
1352 3979 1472 4065 kk
1527 4007 1565 4080 3
2076 4087 2081 4093 ι
2293 3975 2480 4086 gere
