<?xml version="1.0" encoding="UTF-8"?>
<!DOCTYPE html PUBLIC "-//W3C//DTD XHTML 1.0 Transitional//EN"
    "http://www.w3.org/TR/xhtml1/DTD/xhtml1-transitional.dtd">
<html xmlns="http://www.w3.org/1999/xhtml" xml:lang="en" lang="en">
 <head>
  <title>
</title>
<meta http-equiv="Content-Type" content="text/html;charset=utf-8" />
  <meta name='ocr-system' content='tesseract 3.04.00' />
  <meta name='ocr-capabilities' content='ocr_page ocr_carea ocr_par ocr_line ocrx_word'/>
</head>
<body>
  <div class='ocr_page' id='page_1' title='image "./deinstitutioneo00obregoog_0349.png"; bbox 0 0 3557 5113; ppageno 0'>
   <div class='ocr_carea' id='block_1_1' title="bbox 150 115 2842 436">
    <p class='ocr_par' dir='ltr' id='par_1_1' title="bbox 150 115 2842 436">
     <span class='ocr_line' id='line_1_1' title="bbox 150 115 2842 436; baseline 0.001 -60"><span class='ocrx_word' id='word_1_1' title='bbox 150 368 158 376; x_wconf 80' lang='grc'>,</span> <span class='ocrx_word' id='word_1_2' title='bbox 256 223 507 389; x_wconf 78' lang='lat' dir='ltr'>De·</span> <span class='ocrx_word' id='word_1_3' title='bbox 525 222 967 434; x_wconf 66' lang='lat' dir='ltr'>[ffit.</span> <span class='ocrx_word' id='word_1_4' title='bbox 1008 155 1729 436; x_wconf 47' lang='lat' dir='ltr'>oratoria,</span> <span class='ocrx_word' id='word_1_5' title='bbox 1766 222 2066 392; x_wconf 70' lang='lat' dir='ltr'>nb.</span> <span class='ocrx_word' id='word_1_6' title='bbox 2083 229 2359 392; x_wconf 75' lang='lat' dir='ltr'>iv.</span> <span class='ocrx_word' id='word_1_7' title='bbox 2475 115 2842 380; x_wconf 54' lang='grc' dir='ltr'>αφ’</span> 
     </span>
    </p>
   </div>
   <div class='ocr_carea' id='block_1_2' title="bbox 157 556 2783 4016">
    <p class='ocr_par' dir='ltr' id='par_1_2' title="bbox 157 556 2783 4016">
     <span class='ocr_line' id='line_1_2' title="bbox 188 556 2783 665; baseline 0.002 -30"><span class='ocrx_word' id='word_1_8' title='bbox 188 559 401 636; x_wconf 86' lang='lat' dir='ltr'>menti</span> <span class='ocrx_word' id='word_1_9' title='bbox 446 556 563 636; x_wconf 90' lang='lat' dir='ltr'>est</span> <span class='ocrx_word' id='word_1_10' title='bbox 613 561 694 636; x_wconf 90' lang='lat' dir='ltr'>in</span> <span class='ocrx_word' id='word_1_11' title='bbox 737 557 886 638; x_wconf 91' lang='lat' dir='ltr'>hoc</span> <span class='ocrx_word' id='word_1_12' title='bbox 924 557 1307 665; x_wconf 81' lang='lat' dir='ltr'>positum,</span> <span class='ocrx_word' id='word_1_13' title='bbox 1368 556 1425 638; x_wconf 84' lang='lat' dir='ltr'>fi</span> <span class='ocrx_word' id='word_1_14' title='bbox 1468 559 1587 640; x_wconf 91' lang='lat' dir='ltr'>vir</span> <span class='ocrx_word' id='word_1_15' title='bbox 1628 559 1874 641; x_wconf 88' lang='lat' dir='ltr'>bonus</span> <span class='ocrx_word' id='word_1_16' title='bbox 1908 563 2266 644; x_wconf 88' lang='lat' dir='ltr'>creditur.</span> <span class='ocrx_word' id='word_1_17' title='bbox 2337 567 2456 646; x_wconf 82' lang='lat' dir='ltr'>Sic</span> <span class='ocrx_word' id='word_1_18' title='bbox 2485 569 2554 646; x_wconf 89' lang='lat' dir='ltr'>C</span> <span class='ocrx_word' id='word_1_19' title='bbox 2577 591 2615 641; x_wconf 75' lang='grc' dir='ltr'><strong>Δ</strong></span> <span class='ocrx_word' id='word_1_20' title='bbox 2640 566 2783 642; x_wconf 61' lang='grc' dir='ltr'>ΡΛ.</span> 
     </span>
     <span class='ocr_line' id='line_1_3' title="bbox 187 670 2459 775; baseline 0.005 -28"><span class='ocrx_word' id='word_1_21' title='bbox 187 672 369 749; x_wconf 87' lang='lat' dir='ltr'>enim</span> <span class='ocrx_word' id='word_1_22' title='bbox 413 671 843 775; x_wconf 86' lang='lat' dir='ltr'>contingit,</span> <span class='ocrx_word' id='word_1_23' title='bbox 911 692 994 750; x_wconf 90' lang='lat' dir='ltr'>ut</span> <span class='ocrx_word' id='word_1_24' title='bbox 1056 698 1220 750; x_wconf 89' lang='lat' dir='ltr'>non</span> <span class='ocrx_word' id='word_1_25' title='bbox 1279 670 1613 750; x_wconf 90' lang='lat' dir='ltr'>studium</span> <span class='ocrx_word' id='word_1_26' title='bbox 1688 673 2041 754; x_wconf 89' lang='lat' dir='ltr'>advocati</span> <span class='ocrx_word' id='word_1_27' title='bbox 2108 674 2459 758; x_wconf 85' lang='lat' dir='ltr'>videatur</span> 
     </span>
     <span class='ocr_line' id='line_1_4' title="bbox 186 778 2450 890; baseline 0.005 -32"><span class='ocrx_word' id='word_1_28' title='bbox 186 778 466 865; x_wconf 72' lang='lat' dir='ltr'>afferre,</span> <span class='ocrx_word' id='word_1_29' title='bbox 519 779 650 860; x_wconf 88' lang='lat' dir='ltr'>sed</span> <span class='ocrx_word' id='word_1_30' title='bbox 695 809 891 886; x_wconf 87' lang='lat' dir='ltr'>pene</span> <span class='ocrx_word' id='word_1_31' title='bbox 948 782 1154 861; x_wconf 86' lang='lat' dir='ltr'>testis</span> <span class='ocrx_word' id='word_1_32' title='bbox 1192 779 1453 863; x_wconf 87' lang='lat' dir='ltr'>fidem.</span> <span class='ocrx_word' id='word_1_33' title='bbox 1563 789 1822 884; x_wconf 83' lang='lat' dir='ltr'>Qare</span> <span class='ocrx_word' id='word_1_34' title='bbox 1881 787 2238 890; x_wconf 85' lang='lat' dir='ltr'><strong>inprimis</strong></span> <span class='ocrx_word' id='word_1_35' title='bbox 2289 794 2450 869; x_wconf 85' lang='lat' dir='ltr'>exi-</span> 
     </span>
     <span class='ocr_line' id='line_1_5' title="bbox 188 891 2452 1000; baseline 0.004 -30"><span class='ocrx_word' id='word_1_36' title='bbox 188 892 509 972; x_wconf 86' lang='lat' dir='ltr'>stimetur</span> <span class='ocrx_word' id='word_1_37' title='bbox 559 893 836 973; x_wconf 80' lang='lat' dir='ltr'>veniff&#39;e</span> <span class='ocrx_word' id='word_1_38' title='bbox 883 892 981 974; x_wconf 90' lang='lat' dir='ltr'>ad</span> <span class='ocrx_word' id='word_1_39' title='bbox 1045 893 1469 1000; x_wconf 84' lang='lat' dir='ltr'>agendum,</span> <span class='ocrx_word' id='word_1_40' title='bbox 1534 891 1799 975; x_wconf 69' lang='lat' dir='ltr'>ductus</span> <span class='ocrx_word' id='word_1_41' title='bbox 1852 898 2122 976; x_wconf 89' lang='lat' dir='ltr'>officio</span> <span class='ocrx_word' id='word_1_42' title='bbox 2158 899 2283 980; x_wconf 89' lang='lat' dir='ltr'>vel</span> <span class='ocrx_word' id='word_1_43' title='bbox 2319 928 2452 980; x_wconf 84' lang='lat' dir='ltr'>eo·</span> 
     </span>
     <span class='ocr_line' id='line_1_6' title="bbox 184 1001 2452 1115; baseline 0.004 -33"><span class='ocrx_word' id='word_1_44' title='bbox 184 1008 585 1111; x_wconf 82' lang='lat' dir='ltr'>gnationis,</span> <span class='ocrx_word' id='word_1_45' title='bbox 650 1006 775 1086; x_wconf 90' lang='lat' dir='ltr'>vel</span> <span class='ocrx_word' id='word_1_46' title='bbox 815 1001 1215 1093; x_wconf 53' lang='lat' dir='ltr'>amicitiam</span> <span class='ocrx_word' id='word_1_47' title='bbox 1272 1010 1764 1113; x_wconf 84' lang='lat' dir='ltr'>maximeque</span> <span class='ocrx_word' id='word_1_48' title='bbox 1789 1063 1810 1096; x_wconf 91' lang='lat'>,</span> <span class='ocrx_word' id='word_1_49' title='bbox 1874 1006 1930 1086; x_wconf 80' lang='lat' dir='ltr'>si</span> <span class='ocrx_word' id='word_1_50' title='bbox 2008 1008 2178 1087; x_wconf 89' lang='lat' dir='ltr'>fieri</span> <span class='ocrx_word' id='word_1_51' title='bbox 2227 1034 2452 1115; x_wconf 85' lang='lat' dir='ltr'>pote-</span> 
     </span>
     <span class='ocr_line' id='line_1_7' title="bbox 190 1114 2447 1222; baseline 0.004 -29"><span class='ocrx_word' id='word_1_52' title='bbox 190 1120 273 1193; x_wconf 88' lang='lat' dir='ltr'>rit</span> <span class='ocrx_word' id='word_1_53' title='bbox 301 1171 323 1204; x_wconf 91' lang='lat'>,</span> <span class='ocrx_word' id='word_1_54' title='bbox 370 1114 811 1222; x_wconf 85' lang='lat' dir='ltr'>reipublieae</span> <span class='ocrx_word' id='word_1_55' title='bbox 842 1173 863 1208; x_wconf 90' lang='lat'>,</span> <span class='ocrx_word' id='word_1_56' title='bbox 929 1142 1058 1198; x_wconf 90' lang='lat' dir='ltr'>aut</span> <span class='ocrx_word' id='word_1_57' title='bbox 1122 1118 1435 1218; x_wconf 85' lang='lat' dir='ltr'>alicujus</span> <span class='ocrx_word' id='word_1_58' title='bbox 1507 1141 1715 1196; x_wconf 91' lang='lat' dir='ltr'>certe</span> <span class='ocrx_word' id='word_1_59' title='bbox 1770 1146 1958 1206; x_wconf 48' lang='lat' dir='ltr'>xnon</span> <span class='ocrx_word' id='word_1_60' title='bbox 2031 1119 2447 1214; x_wconf 83' lang='lat' dir='ltr'>mediocris</span> 
     </span>
     <span class='ocr_line' id='line_1_8' title="bbox 191 1226 2446 1338; baseline 0.004 -34"><span class='ocrx_word' id='word_1_61' title='bbox 191 1229 515 1334; x_wconf 82' lang='lat' dir='ltr'>exempli.</span> <span class='ocrx_word' id='word_1_62' title='bbox 618 1228 853 1332; x_wconf 77' lang='lat' dir='ltr'>Qiod</span> <span class='ocrx_word' id='word_1_63' title='bbox 889 1227 1046 1308; x_wconf 84' lang='lat' dir='ltr'>fine</span> <span class='ocrx_word' id='word_1_64' title='bbox 1087 1226 1328 1308; x_wconf 91' lang='lat' dir='ltr'>dubio</span> <span class='ocrx_word' id='word_1_65' title='bbox 1374 1227 1631 1307; x_wconf 89' lang='lat' dir='ltr'>multo</span> <span class='ocrx_word' id='word_1_66' title='bbox 1692 1233 1936 1334; x_wconf 85' lang='lat' dir='ltr'>magis</span> <span class='ocrx_word' id='word_1_67' title='bbox 1989 1229 2163 1334; x_wconf 82' lang='lat' dir='ltr'>ipsis</span> <span class='ocrx_word' id='word_1_68' title='bbox 2202 1233 2446 1338; x_wconf 88' lang='lat' dir='ltr'>litiga-</span> 
     </span>
     <span class='ocr_line' id='line_1_9' title="bbox 189 1338 2444 1451; baseline 0.003 -33"><span class='ocrx_word' id='word_1_69' title='bbox 189 1340 441 1420; x_wconf 78' lang='lat' dir='ltr'>toribus</span> <span class='ocrx_word' id='word_1_70' title='bbox 493 1340 940 1421; x_wconf 87' lang='lat' dir='ltr'>faciendum</span> <span class='ocrx_word' id='word_1_71' title='bbox 979 1342 1133 1431; x_wconf 88' lang='lat' dir='ltr'>est,</span> <span class='ocrx_word' id='word_1_72' title='bbox 1210 1363 1296 1421; x_wconf 91' lang='lat' dir='ltr'>ut</span> <span class='ocrx_word' id='word_1_73' title='bbox 1335 1339 1442 1441; x_wconf 74' lang='lat' dir='ltr'>ad¹</span> <span class='ocrx_word' id='word_1_74' title='bbox 1467 1338 1854 1445; x_wconf 89' lang='lat' dir='ltr'>agendum</span> <span class='ocrx_word' id='word_1_75' title='bbox 1898 1368 2176 1447; x_wconf 88' lang='lat' dir='ltr'>magna</span> <span class='ocrx_word' id='word_1_76' title='bbox 2214 1365 2444 1451; x_wconf 89' lang='lat' dir='ltr'>atque</span> 
     </span>
     <span class='ocr_line' id='line_1_10' title="bbox 187 1450 2447 1558; baseline 0.002 -31"><span class='ocrx_word' id='word_1_77' title='bbox 187 1450 465 1531; x_wconf 86' lang='lat' dir='ltr'>honesta</span> <span class='ocrx_word' id='word_1_78' title='bbox 530 1454 829 1531; x_wconf 89' lang='lat' dir='ltr'>ratione</span> <span class='ocrx_word' id='word_1_79' title='bbox 849 1509 885 1556; x_wconf 18' lang='lat'>‚⁵</span> <span class='ocrx_word' id='word_1_80' title='bbox 932 1475 1060 1532; x_wconf 89' lang='lat' dir='ltr'>aut</span> <span class='ocrx_word' id='word_1_81' title='bbox 1114 1456 1352 1532; x_wconf 89' lang='lat' dir='ltr'>etiarn</span> <span class='ocrx_word' id='word_1_82' title='bbox 1412 1451 1846 1558; x_wconf 71' lang='lat' dir='ltr'>necestitate</span> <span class='ocrx_word' id='word_1_83' title='bbox 1910 1451 2275 1532; x_wconf 81' lang='lat' dir='ltr'>acceffiffe</span> <span class='ocrx_word' id='word_1_84' title='bbox 2336 1459 2447 1536; x_wconf 90' lang='lat' dir='ltr'>vi-</span> 
     </span>
     <span class='ocr_line' id='line_1_11' title="bbox 183 1558 2448 1670; baseline 0.002 -32"><span class='ocrx_word' id='word_1_85' title='bbox 183 1558 494 1642; x_wconf 83' lang='lat' dir='ltr'>deantur.</span> <span class='ocrx_word' id='word_1_86' title='bbox 645 1562 791 1642; x_wconf 88' lang='lat' dir='ltr'>Sed</span> <span class='ocrx_word' id='word_1_87' title='bbox 842 1585 936 1643; x_wconf 89' lang='lat' dir='ltr'>ut.</span> <span class='ocrx_word' id='word_1_88' title='bbox 979 1568 1360 1670; x_wconf 83' lang='lat' dir='ltr'>praecipua</span> <span class='ocrx_word' id='word_1_89' title='bbox 1404 1573 1488 1641; x_wconf 85' lang='lat' dir='ltr'>in</span> <span class='ocrx_word' id='word_1_90' title='bbox 1536 1563 1689 1641; x_wconf 88' lang='lat' dir='ltr'>hoc</span> <span class='ocrx_word' id='word_1_91' title='bbox 1747 1562 2077 1642; x_wconf 87' lang='lat' dir='ltr'>dicentis</span> <span class='ocrx_word' id='word_1_92' title='bbox 2122 1566 2448 1644; x_wconf 60' lang='lat' dir='ltr'>auctori-</span> 
     </span>
     <span class='ocr_line' id='line_1_12' title="bbox 184 1674 2442 1782; baseline 0 -30"><span class='ocrx_word' id='word_1_93' title='bbox 184 1695 314 1765; x_wconf 73' lang='lat' dir='ltr'>tas»,</span> <span class='ocrx_word' id='word_1_94' title='bbox 370 1674 425 1753; x_wconf 87' lang='lat' dir='ltr'><strong>fi</strong></span> <span class='ocrx_word' id='word_1_95' title='bbox 463 1677 729 1758; x_wconf 86' lang='lat' dir='ltr'>omnis</span> <span class='ocrx_word' id='word_1_96' title='bbox 784 1677 864 1782; x_wconf 74' lang='lat' dir='ltr'>in</span> <span class='ocrx_word' id='word_1_97' title='bbox 915 1674 1309 1755; x_wconf 88' lang='lat' dir='ltr'>subeundo</span> <span class='ocrx_word' id='word_1_98' title='bbox 1363 1677 1684 1781; x_wconf 87' lang='lat' dir='ltr'>negotio</span> <span class='ocrx_word' id='word_1_99' title='bbox 1716 1674 2034 1780; x_wconf 84' lang='lat' dir='ltr'>suspicio</span> <span class='ocrx_word' id='word_1_100' title='bbox 2071 1674 2442 1767; x_wconf 86' lang='lat' dir='ltr'>sordium,</span> 
     </span>
     <span class='ocr_line' id='line_1_13' title="bbox 182 1785 2447 1892; baseline 0.001 -29"><span class='ocrx_word' id='word_1_101' title='bbox 182 1809 293 1863; x_wconf 86' lang='lat' dir='ltr'>aut</span> <span class='ocrx_word' id='word_1_102' title='bbox 361 1786 773 1877; x_wconf 89' lang='lat' dir='ltr'>odiorum,</span> <span class='ocrx_word' id='word_1_103' title='bbox 858 1809 991 1866; x_wconf 90' lang='lat' dir='ltr'>aut</span> <span class='ocrx_word' id='word_1_104' title='bbox 1043 1787 1481 1866; x_wconf 80' lang='lat' dir='ltr'>ambitionis</span> <span class='ocrx_word' id='word_1_105' title='bbox 1517 1785 1875 1866; x_wconf 90' lang='lat' dir='ltr'>abfuerit:</span> <span class='ocrx_word' id='word_1_106' title='bbox 1940 1798 2051 1865; x_wconf 85' lang='lat' dir='ltr'>ita</span> <span class='ocrx_word' id='word_1_107' title='bbox 2092 1785 2447 1892; x_wconf 86' lang='lat' dir='ltr'>quaedam</span> 
     </span>
     <span class='ocr_line' id='line_1_14' title="bbox 183 1895 2447 2008; baseline 0.002 -34"><span class='ocrx_word' id='word_1_108' title='bbox 183 1897 253 1974; x_wconf 89' lang='lat' dir='ltr'>in</span> <span class='ocrx_word' id='word_1_109' title='bbox 284 1897 383 1976; x_wconf 80' lang='lat' dir='ltr'>his</span> <span class='ocrx_word' id='word_1_110' title='bbox 429 1925 749 2008; x_wconf 89' lang='lat' dir='ltr'>quoque</span> <span class='ocrx_word' id='word_1_111' title='bbox 797 1897 1382 1978; x_wconf 86' lang='lat' dir='ltr'>commendatio</span> <span class='ocrx_word' id='word_1_112' title='bbox 1431 1901 1655 1978; x_wconf 87' lang='lat' dir='ltr'>tacita</span> <span class='ocrx_word' id='word_1_113' title='bbox 1679 1953 1702 1989; x_wconf 89' lang='lat'>‚</span> <span class='ocrx_word' id='word_1_114' title='bbox 1766 1896 1825 1976; x_wconf 84' lang='lat' dir='ltr'><strong>fi</strong></span> <span class='ocrx_word' id='word_1_115' title='bbox 1901 1925 2043 1976; x_wconf 85' lang='lat' dir='ltr'>nos</span> <span class='ocrx_word' id='word_1_116' title='bbox 2089 1895 2447 1978; x_wconf 84' lang='lat' dir='ltr'>infirmos</span> 
     </span>
     <span class='ocr_line' id='line_1_15' title="bbox 178 2007 2445 2117; baseline -0 -29"><span class='ocrx_word' id='word_1_117' title='bbox 178 2011 245 2088; x_wconf 70' lang='grc' dir='ltr'>’δι</span> <span class='ocrx_word' id='word_1_118' title='bbox 279 2014 596 2115; x_wconf 87' lang='lat' dir='ltr'>impares</span> <span class='ocrx_word' id='word_1_119' title='bbox 636 2013 1033 2115; x_wconf 81' lang='lat' dir='ltr'>agentium</span> <span class='ocrx_word' id='word_1_120' title='bbox 1068 2032 1336 2100; x_wconf 87' lang='lat' dir='ltr'>contra</span> <span class='ocrx_word' id='word_1_121' title='bbox 1370 2007 1695 2116; x_wconf 88' lang='lat' dir='ltr'>ingeniis</span> <span class='ocrx_word' id='word_1_122' title='bbox 1735 2007 2203 2088; x_wconf 82' lang='lat' dir='ltr'>dixerimus:</span> <span class='ocrx_word' id='word_1_123' title='bbox 2268 2035 2445 2117; x_wconf 90' lang='lat' dir='ltr'>qua·</span> 
     </span>
     <span class='ocr_line' id='line_1_16' title="bbox 181 2117 2444 2229; baseline 0 -32"><span class='ocrx_word' id='word_1_124' title='bbox 181 2117 264 2198; x_wconf 83' lang='lat' dir='ltr'>lia</span> <span class='ocrx_word' id='word_1_125' title='bbox 301 2120 458 2201; x_wconf 89' lang='lat' dir='ltr'>sunt</span> <span class='ocrx_word' id='word_1_126' title='bbox 526 2121 898 2229; x_wconf 85' lang='lat' dir='ltr'>pleraque</span> <span class='ocrx_word' id='word_1_127' title='bbox 956 2120 1284 2201; x_wconf 76' lang='lat' dir='ltr'>Messala:</span> <span class='ocrx_word' id='word_1_128' title='bbox 1348 2123 1748 2226; x_wconf 85' lang='lat' dir='ltr'>prooemia.</span> <span class='ocrx_word' id='word_1_129' title='bbox 1864 2120 1988 2200; x_wconf 77' lang='lat' dir='ltr'>Est</span> <span class='ocrx_word' id='word_1_130' title='bbox 2039 2123 2253 2198; x_wconf 90' lang='lat' dir='ltr'>enim</span> <span class='ocrx_word' id='word_1_131' title='bbox 2310 2146 2444 2198; x_wconf 52' lang='lat' dir='ltr'>na*-</span> 
     </span>
     <span class='ocr_line' id='line_1_17' title="bbox 182 2229 2450 2340; baseline 0 -31"><span class='ocrx_word' id='word_1_132' title='bbox 182 2232 408 2311; x_wconf 75' lang='lat' dir='ltr'>turalis</span> <span class='ocrx_word' id='word_1_133' title='bbox 466 2233 700 2315; x_wconf 73' lang='lat' dir='ltr'>favor</span> <span class='ocrx_word' id='word_1_134' title='bbox 754 2260 903 2340; x_wconf 90' lang='lat' dir='ltr'>pro</span> <span class='ocrx_word' id='word_1_135' title='bbox 958 2232 1481 2312; x_wconf 86' lang='lat' dir='ltr'>laborantibus</span> <span class='ocrx_word' id='word_1_136' title='bbox 1530 2263 1547 2311; x_wconf 94' lang='lat'>:</span> <span class='ocrx_word' id='word_1_137' title='bbox 1633 2239 1713 2314; x_wconf 75' lang='grc' dir='ltr'>δε</span> <span class='ocrx_word' id='word_1_138' title='bbox 1765 2229 1998 2332; x_wconf 87' lang='lat' dir='ltr'>judex</span> <span class='ocrx_word' id='word_1_139' title='bbox 2051 2230 2450 2337; x_wconf 82' lang='lat' dir='ltr'>religiosus</span> 
     </span>
     <span class='ocr_line' id='line_1_18' title="bbox 179 2338 2518 2452; baseline -0.001 -32"><span class='ocrx_word' id='word_1_140' title='bbox 179 2338 638 2424; x_wconf 71' lang='lat' dir='ltr'>libentissime</span> <span class='ocrx_word' id='word_1_141' title='bbox 697 2367 1118 2451; x_wconf 90' lang='lat' dir='ltr'>patronum</span> <span class='ocrx_word' id='word_1_142' title='bbox 1165 2343 1413 2434; x_wconf 88' lang='lat' dir='ltr'>audit,</span> <span class='ocrx_word' id='word_1_143' title='bbox 1439 2365 1449 2373; x_wconf 69' lang='grc'><em>’</em></span> <span class='ocrx_word' id='word_1_144' title='bbox 1477 2370 1717 2452; x_wconf 89' lang='lat' dir='ltr'>quem</span> <span class='ocrx_word' id='word_1_145' title='bbox 1777 2343 2079 2442; x_wconf 80' lang='lat' dir='ltr'>justitiae</span> <span class='ocrx_word' id='word_1_146' title='bbox 2117 2341 2263 2422; x_wconf 84' lang='lat' dir='ltr'>suae</span> <span class='ocrx_word' id='word_1_147' title='bbox 2305 2347 2447 2419; x_wconf 86' lang='lat' dir='ltr'>mi·</span> <span class='ocrx_word' id='word_1_148' title='bbox 2484 2341 2518 2417; x_wconf 77' lang='grc'>’.</span> 
     </span>
     <span class='ocr_line' id='line_1_19' title="bbox 177 2450 2452 2546; baseline 0 -13"><span class='ocrx_word' id='word_1_149' title='bbox 177 2457 368 2534; x_wconf 85' lang='lat' dir='ltr'>nime</span> <span class='ocrx_word' id='word_1_150' title='bbox 408 2461 664 2538; x_wconf 89' lang='lat' dir='ltr'>timet.</span> <span class='ocrx_word' id='word_1_151' title='bbox 797 2454 980 2536; x_wconf 87' lang='lat' dir='ltr'>Inde</span> <span class='ocrx_word' id='word_1_152' title='bbox 1041 2454 1171 2535; x_wconf 87' lang='lat' dir='ltr'>illa</span> <span class='ocrx_word' id='word_1_153' title='bbox 1222 2467 1585 2538; x_wconf 86' lang='lat' dir='ltr'>veterum</span> <span class='ocrx_word' id='word_1_154' title='bbox 1636 2457 1839 2546; x_wconf 75' lang='lat' dir='ltr'>circa</span> <span class='ocrx_word' id='word_1_155' title='bbox 1880 2450 2452 2542; x_wconf 69' lang='lat' dir='ltr'>occultandam</span> 
     </span>
     <span class='ocr_line' id='line_1_20' title="bbox 177 2564 2448 2674; baseline 0 -31"><span class='ocrx_word' id='word_1_156' title='bbox 177 2564 679 2674; x_wconf 85' lang='lat' dir='ltr'>eloquentiam</span> <span class='ocrx_word' id='word_1_157' title='bbox 733 2565 1157 2660; x_wconf 79' lang='lat' dir='ltr'>simulatio,</span> <span class='ocrx_word' id='word_1_158' title='bbox 1224 2567 1564 2661; x_wconf 85' lang='lat' dir='ltr'>multum</span> <span class='ocrx_word' id='word_1_159' title='bbox 1628 2568 1724 2648; x_wconf 90' lang='lat' dir='ltr'>ab</span> <span class='ocrx_word' id='word_1_160' title='bbox 1781 2566 1927 2644; x_wconf 85' lang='lat' dir='ltr'>&#39;hac</span> <span class='ocrx_word' id='word_1_161' title='bbox 2000 2564 2448 2671; x_wconf 85' lang='lat' dir='ltr'>nostrorum</span> 
     </span>
     <span class='ocr_line' id='line_1_21' title="bbox 177 2676 2445 2785; baseline -0.001 -26"><span class='ocrx_word' id='word_1_162' title='bbox 177 2699 589 2785; x_wconf 80' lang='lat' dir='ltr'>temporum</span> <span class='ocrx_word' id='word_1_163' title='bbox 637 2682 1040 2779; x_wconf 63' lang='lat' dir='ltr'>jafiatione</span> <span class='ocrx_word' id='word_1_164' title='bbox 1097 2678 1411 2761; x_wconf 78' lang='lat' dir='ltr'>diversa.</span> <span class='ocrx_word' id='word_1_165' title='bbox 1522 2676 1952 2759; x_wconf 79' lang='lat' dir='ltr'>vitandum</span> <span class='ocrx_word' id='word_1_166' title='bbox 2018 2680 2290 2766; x_wconf 88' lang='lat' dir='ltr'>etiam,</span> <span class='ocrx_word' id='word_1_167' title='bbox 2345 2704 2445 2756; x_wconf 86' lang='lat' dir='ltr'>ne</span> 
     </span>
     <span class='ocr_line' id='line_1_22' title="bbox 175 2788 2448 2898; baseline -0 -31"><span class='ocrx_word' id='word_1_168' title='bbox 175 2790 687 2872; x_wconf 80' lang='lat' dir='ltr'>contumeliosi</span> <span class='ocrx_word' id='word_1_169' title='bbox 719 2848 741 2881; x_wconf 90' lang='lat'>‚</span> <span class='ocrx_word' id='word_1_170' title='bbox 808 2792 1173 2896; x_wconf 84' lang='lat' dir='ltr'>maligni,</span> <span class='ocrx_word' id='word_1_171' title='bbox 1223 2791 1522 2898; x_wconf 89' lang='lat' dir='ltr'>superbi</span> <span class='ocrx_word' id='word_1_172' title='bbox 1560 2846 1584 2882; x_wconf 88' lang='lat'>‚</span> <span class='ocrx_word' id='word_1_173' title='bbox 1647 2788 2012 2871; x_wconf 89' lang='lat' dir='ltr'>maledici</span> <span class='ocrx_word' id='word_1_174' title='bbox 2059 2793 2141 2867; x_wconf 88' lang='lat' dir='ltr'>in</span> <span class='ocrx_word' id='word_1_175' title='bbox 2205 2808 2448 2895; x_wconf 86' lang='lat' dir='ltr'>quen-</span> 
     </span>
     <span class='ocr_line' id='line_1_23' title="bbox 174 2901 2443 3009; baseline -0.003 -26"><span class='ocrx_word' id='word_1_176' title='bbox 174 2927 378 3009; x_wconf 85' lang='lat' dir='ltr'>quam</span> <span class='ocrx_word' id='word_1_177' title='bbox 424 2905 843 2983; x_wconf 89' lang='lat' dir='ltr'>hominem</span> <span class='ocrx_word' id='word_1_178' title='bbox 890 2902 1348 2985; x_wconf 87' lang='lat' dir='ltr'>ordinemve</span> <span class='ocrx_word' id='word_1_179' title='bbox 1398 2901 1841 2990; x_wconf 88' lang='lat' dir='ltr'>videamur,</span> <span class='ocrx_word' id='word_1_180' title='bbox 1906 2903 2443 3007; x_wconf 84' lang='lat' dir='ltr'>praecipueque</span> 
     </span>
     <span class='ocr_line' id='line_1_24' title="bbox 173 3011 2442 3124; baseline -0.001 -33"><span class='ocrx_word' id='word_1_181' title='bbox 173 3041 421 3093; x_wconf 76' lang='lat' dir='ltr'>eorum</span> <span class='ocrx_word' id='word_1_182' title='bbox 457 3019 595 3124; x_wconf 83' lang='lat' dir='ltr'>qui</span> <span class='ocrx_word' id='word_1_183' title='bbox 648 3014 825 3095; x_wconf 81' lang='lat' dir='ltr'>laedi</span> <span class='ocrx_word' id='word_1_184' title='bbox 851 3070 874 3105; x_wconf 89' lang='lat'>‚</span> <span class='ocrx_word' id='word_1_185' title='bbox 914 3012 1052 3094; x_wconf 81' lang='lat' dir='ltr'>nisi</span> <span class='ocrx_word' id='word_1_186' title='bbox 1099 3014 1355 3094; x_wconf 83' lang='lat' dir='ltr'>aversa</span> <span class='ocrx_word' id='word_1_187' title='bbox 1399 3012 1748 3118; x_wconf 81' lang='lat' dir='ltr'>judicum</span> <span class='ocrx_word' id='word_1_188' title='bbox 1790 3011 2237 3100; x_wconf 77' lang='lat' dir='ltr'>voluntate,</span> <span class='ocrx_word' id='word_1_189' title='bbox 2279 3036 2442 3089; x_wconf 89' lang='lat' dir='ltr'>non</span> 
     </span>
     <span class='ocr_line' id='line_1_25' title="bbox 169 3122 2443 3247; baseline -0.002 -40"><span class='ocrx_word' id='word_1_190' title='bbox 169 3125 465 3229; x_wconf 71' lang='lat' dir='ltr'>poss‘unt.</span> <span class='ocrx_word' id='word_1_191' title='bbox 578 3134 794 3213; x_wconf 86' lang='lat' dir='ltr'>Nam</span> <span class='ocrx_word' id='word_1_192' title='bbox 833 3130 915 3205; x_wconf 91' lang='lat' dir='ltr'>in</span> <span class='ocrx_word' id='word_1_193' title='bbox 956 3124 1290 3223; x_wconf 86' lang='lat' dir='ltr'>judicem</span> <span class='ocrx_word' id='word_1_194' title='bbox 1334 3152 1432 3204; x_wconf 93' lang='lat' dir='ltr'>ne</span> <span class='ocrx_word' id='word_1_195' title='bbox 1474 3122 1662 3247; x_wconf 84' lang='lat' dir='ltr'>quid</span> <span class='ocrx_word' id='word_1_196' title='bbox 1699 3123 2039 3215; x_wconf 76' lang='lat' dir='ltr'>dicatur,</span> <span class='ocrx_word' id='word_1_197' title='bbox 2073 3149 2233 3200; x_wconf 91' lang='lat' dir='ltr'>non</span> <span class='ocrx_word' id='word_1_198' title='bbox 2276 3136 2443 3202; x_wconf 87' lang='lat' dir='ltr'>mo-&#39;</span> 
     </span>
     <span class='ocr_line' id='line_1_26' title="bbox 169 3230 2444 3346; baseline -0.002 -30"><span class='ocrx_word' id='word_1_199' title='bbox 169 3234 268 3316; x_wconf 89' lang='lat' dir='ltr'>do</span> <span class='ocrx_word' id='word_1_200' title='bbox 304 3238 552 3346; x_wconf 82' lang='lat' dir='ltr'>palam</span> <span class='ocrx_word' id='word_1_201' title='bbox 580 3295 603 3329; x_wconf 91' lang='lat'>,</span> <span class='ocrx_word' id='word_1_202' title='bbox 657 3235 791 3319; x_wconf 71' lang='lat' dir='ltr'>[ed</span> <span class='ocrx_word' id='word_1_203' title='bbox 830 3236 1043 3344; x_wconf 91' lang='lat' dir='ltr'>quod</span> <span class='ocrx_word' id='word_1_204' title='bbox 1078 3239 1408 3320; x_wconf 86' lang='lat' dir='ltr'>omnino</span> <span class='ocrx_word' id='word_1_205' title='bbox 1442 3235 1772 3340; x_wconf 85' lang='lat' dir='ltr'>intelligi</span> <span class='ocrx_word' id='word_1_206' title='bbox 1812 3230 2079 3339; x_wconf 83' lang='lat' dir='ltr'>possit‚</span> <span class='ocrx_word' id='word_1_207' title='bbox 2121 3232 2444 3313; x_wconf 89' lang='lat' dir='ltr'>stultum</span> 
     </span>
     <span class='ocr_line' id='line_1_27' title="bbox 168 3342 2442 3459; baseline -0.004 -29"><span class='ocrx_word' id='word_1_208' title='bbox 168 3373 309 3430; x_wconf 82' lang='lat' dir='ltr'>erat</span> <span class='ocrx_word' id='word_1_209' title='bbox 336 3370 677 3433; x_wconf 83' lang='lat' dir='ltr'>‘monere</span> <span class='ocrx_word' id='word_1_210' title='bbox 705 3407 728 3440; x_wconf 91' lang='lat'>‚</span> <span class='ocrx_word' id='word_1_211' title='bbox 794 3349 931 3433; x_wconf 80' lang='lat' dir='ltr'>nifi</span> <span class='ocrx_word' id='word_1_212' title='bbox 993 3349 1235 3429; x_wconf 83' lang='lat' dir='ltr'>fieret.</span> <span class='ocrx_word' id='word_1_213' title='bbox 1351 3351 1601 3439; x_wconf 77' lang='lat' dir='ltr'>Etiam</span> <span class='ocrx_word' id='word_1_214' title='bbox 1648 3346 1885 3455; x_wconf 88' lang='lat' dir='ltr'>partis</span> <span class='ocrx_word' id='word_1_215' title='bbox 1933 3342 2258 3459; x_wconf 82' lang='lat' dir='ltr'>adversae</span> <span class='ocrx_word' id='word_1_216' title='bbox 2309 3370 2442 3448; x_wconf 88' lang='lat' dir='ltr'>pa-</span> 
     </span>
     <span class='ocr_line' id='line_1_28' title="bbox 173 3453 2442 3545; baseline -0.003 -6"><span class='ocrx_word' id='word_1_217' title='bbox 173 3482 401 3545; x_wconf 81' lang='lat' dir='ltr'>tronus</span> <span class='ocrx_word' id='word_1_218' title='bbox 451 3462 676 3544; x_wconf 89' lang='lat' dir='ltr'>dabit</span> <span class='ocrx_word' id='word_1_219' title='bbox 720 3460 1047 3541; x_wconf 88' lang='lat' dir='ltr'>exordio</span> <span class='ocrx_word' id='word_1_220' title='bbox 1102 3463 1566 3541; x_wconf 84' lang='lat' dir='ltr'>materiam:</span> <span class='ocrx_word' id='word_1_221' title='bbox 1678 3457 1995 3535; x_wconf 89' lang='lat' dir='ltr'>interim</span> <span class='ocrx_word' id='word_1_222' title='bbox 2050 3483 2232 3534; x_wconf 90' lang='lat' dir='ltr'>cum</span> <span class='ocrx_word' id='word_1_223' title='bbox 2296 3453 2442 3533; x_wconf 81' lang='lat' dir='ltr'>ho-</span> 
     </span>
     <span class='ocr_line' id='line_1_29' title="bbox 176 3565 2441 3681; baseline -0.003 -29"><span class='ocrx_word' id='word_1_224' title='bbox 176 3598 372 3665; x_wconf 83' lang='lat' dir='ltr'>nore,</span> <span class='ocrx_word' id='word_1_225' title='bbox 414 3576 469 3656; x_wconf 81' lang='lat' dir='ltr'>fi</span> <span class='ocrx_word' id='word_1_226' title='bbox 523 3572 1065 3681; x_wconf 88' lang='lat' dir='ltr'>eloquentiam</span> <span class='ocrx_word' id='word_1_227' title='bbox 1108 3575 1268 3675; x_wconf 88' lang='lat' dir='ltr'>ejus</span> <span class='ocrx_word' id='word_1_228' title='bbox 1322 3599 1409 3653; x_wconf 89' lang='lat' dir='ltr'>ac</span> <span class='ocrx_word' id='word_1_229' title='bbox 1442 3571 1769 3678; x_wconf 80' lang='lat' dir='ltr'>gratiam</span> <span class='ocrx_word' id='word_1_230' title='bbox 1799 3595 1940 3647; x_wconf 90' lang='lat' dir='ltr'>nos</span> <span class='ocrx_word' id='word_1_231' title='bbox 1984 3569 2266 3681; x_wconf 70' lang='lat' dir='ltr'>timere</span> <span class='ocrx_word' id='word_1_232' title='bbox 2302 3565 2441 3657; x_wconf 65' lang='lat' dir='ltr'>fin»</span> 
     </span>
     <span class='ocr_line' id='line_1_30' title="bbox 174 3679 2443 3792; baseline -0.007 -22"><span class='ocrx_word' id='word_1_233' title='bbox 174 3684 439 3787; x_wconf 75' lang='lat' dir='ltr'>gendo,</span> <span class='ocrx_word' id='word_1_234' title='bbox 508 3708 608 3767; x_wconf 88' lang='lat' dir='ltr'>ut</span> <span class='ocrx_word' id='word_1_235' title='bbox 644 3713 737 3783; x_wconf 74' lang='lat' dir='ltr'>ea</span> <span class='ocrx_word' id='word_1_236' title='bbox 801 3684 1129 3792; x_wconf 56' lang='lat' dir='ltr'>suspecta</span> <span class='ocrx_word' id='word_1_237' title='bbox 1203 3681 1350 3764; x_wconf 79' lang='lat' dir='ltr'>sint</span> <span class='ocrx_word' id='word_1_238' title='bbox 1414 3681 1687 3783; x_wconf 83' lang='lat' dir='ltr'>judici,</span> <span class='ocrx_word' id='word_1_239' title='bbox 1752 3679 2195 3769; x_wconf 83' lang='lat' dir='ltr'>fecerimus:</span> <span class='ocrx_word' id='word_1_240' title='bbox 2325 3680 2443 3765; x_wconf 88' lang='lat' dir='ltr'>in-</span> 
     </span>
     <span class='ocr_line' id='line_1_31' title="bbox 174 3792 2441 3906; baseline -0.001 -31"><span class='ocrx_word' id='word_1_241' title='bbox 174 3799 381 3879; x_wconf 78' lang='lat' dir='ltr'>tcn‘m</span> <span class='ocrx_word' id='word_1_242' title='bbox 431 3827 585 3906; x_wconf 89' lang='lat' dir='ltr'>per</span> <span class='ocrx_word' id='word_1_243' title='bbox 652 3796 1272 3897; x_wconf 78' lang='lat' dir='ltr'>contumelia-m3</span> <span class='ocrx_word' id='word_1_244' title='bbox 1361 3792 1495 3876; x_wconf 88' lang='lat' dir='ltr'>sed</span> <span class='ocrx_word' id='word_1_245' title='bbox 1563 3794 1718 3876; x_wconf 89' lang='lat' dir='ltr'>hoc</span> <span class='ocrx_word' id='word_1_246' title='bbox 1770 3817 2149 3899; x_wconf 85' lang='lat' dir='ltr'>perquam</span> <span class='ocrx_word' id='word_1_247' title='bbox 2216 3816 2441 3886; x_wconf 62' lang='grc' dir='ltr'>Γαῖος</span> 
     </span>
     <span class='ocr_line' id='line_1_32' title="bbox 157 3900 2441 4016; baseline -0.004 -29"><span class='ocrx_word' id='word_1_248' title='bbox 157 3929 233 3987; x_wconf 87' lang='lat' dir='ltr'>ut</span> <span class='ocrx_word' id='word_1_249' title='bbox 268 3909 567 3992; x_wconf 77' lang='lat' dir='ltr'>Asinius</span> <span class='ocrx_word' id='word_1_250' title='bbox 613 3937 765 4016; x_wconf 89' lang='lat' dir='ltr'>pro</span> <span class='ocrx_word' id='word_1_251' title='bbox 807 3909 1147 3992; x_wconf 83' lang='lat' dir='ltr'>Urbiniae</span> <span class='ocrx_word' id='word_1_252' title='bbox 1202 3904 1624 3989; x_wconf 82' lang='lat' dir='ltr'>haeredibus</span> <span class='ocrx_word' id='word_1_253' title='bbox 1684 3905 2120 3985; x_wconf 85' lang='lat' dir='ltr'>Labienum</span> <span class='ocrx_word' id='word_1_254' title='bbox 2177 3900 2441 4005; x_wconf 46' lang='lat' dir='ltr'>adverf</span> 
     </span>
    </p>
   </div>
   <div class='ocr_carea' id='block_1_3' title="bbox 148 4011 2445 4201">
    <p class='ocr_par' dir='ltr' id='par_1_3' title="bbox 148 4011 2445 4201">
     <span class='ocr_line' id='line_1_33' title="bbox 148 4011 2442 4201; baseline -0.007 -94"><span class='ocrx_word' id='word_1_255' title='bbox 148 4019 297 4106; x_wconf 82' lang='lat' dir='ltr'>sani</span> <span class='ocrx_word' id='word_1_256' title='bbox 342 4047 792 4135; x_wconf 85' lang='lat' dir='ltr'>patronum</span> <span class='ocrx_word' id='word_1_257' title='bbox 853 4024 1058 4103; x_wconf 88' lang='lat' dir='ltr'>inter</span> <span class='ocrx_word' id='word_1_258' title='bbox 1104 4042 1560 4128; x_wconf 82' lang='lat' dir='ltr'>argumenta</span> <span class='ocrx_word' id='word_1_259' title='bbox 1586 4062 1597 4077; x_wconf 61' lang='lat'>-1</span> <span class='ocrx_word' id='word_1_260' title='bbox 1607 4017 1836 4114; x_wconf 83' lang='lat' dir='ltr'>malae</span> <span class='ocrx_word' id='word_1_261' title='bbox 1884 4015 2120 4097; x_wconf 83' lang='lat' dir='ltr'>causae</span> <span class='ocrx_word' id='word_1_262' title='bbox 2159 4011 2442 4201; x_wconf 48' lang='lat' dir='ltr'>poffiit:</span> 
     </span>
     <span class='ocr_line' id='line_1_34' title="bbox 2358 4145 2445 4201; baseline -0.011 -12"><span class='ocrx_word' id='word_1_263' title='bbox 2358 4145 2445 4201; x_wconf 83' lang='lat' dir='ltr'>e..</span> 
     </span>
    </p>
   </div>
  </div>
 </body>
</html>
