3557 5113
773 232 1013 382 ”2‘32
1304 231 3220 361 MFAssuQumcrrtxANi

703 528 894 629 ,CAP-
957 523 1091 606 IX.
1117 550 1224 605 no
1284 548 1444 599 non
1485 517 1738 626 potest
1770 516 1988 606 fieri,
2040 510 2168 596 vel
2234 507 2379 607 ess‘e',
2436 512 2759 594 fastum:
2836 538 3002 619 quo
3063 517 3142 597 in
3186 511 3383 593 causis

707 640 736 655 ”
1116 628 1414 741 pofito,
1475 657 1635 709 non
1688 630 1798 707 est
1846 628 1935 706 lis
1974 626 2110 706 nisi
2160 624 2354 704 fasti.
2471 626 2643 705 Hoc
2679 652 2921 731 genus
2969 653 3109 731 per
3153 631 3380 703 omnia

1117 768 1472 850 tempora
1530 738 1905 846 perpendi
1957 738 2168 818 [olet.
2330 745 2535 816 Nam
2588 745 2665 818 δε
2730 736 2956 816 coiffe
3015 765 3187 816 eam
3237 764 3381 815 cum

1110 860 1332 945 viro,
1397 880 1567 960 quae
1621 855 1923 958 peperit
1963 906 1985 942 ,
2052 847 2266 957 quod
2324 849 2434 928 est
2491 850 2912 957 praeteriti:
2994 854 3073 928 ὅ(
3148 848 3382 928 Ηιιᾶιιε

1108 966 1256 1047 ‘esse
1318 993 1501 1045 cum
1537 991 1815 1069 magna
1893 966 2010 1043 vis
2069 964 2281 1042 venti
2322 964 2403 1039 in
2458 989 2671 1040 mare
2723 960 3111 1050 incubuit,
3209 954 3381 1068 quod

1112 1076 1534 1177 conjunsti:
1602 1080 1683 1156 &
1726 1101 1911 1154 eum
1954 1076 2208 1163 mori,
2265 1076 2475 1171 cujus
2521 1101 2658 1152 cor
2721 1068 2831 1150 est
2877 1070 3379 1159 vulneratum,

1109 1186 1328 1297 quod
1371 1186 1649 1276 futuri,
1716 1184 2007 1265 necesse
2054 1184 2182 1263 est.
2300 1190 2466 1264 Nec
2519 1184 2690 1263 fieri
2751 1180 3003 1289 potest
3040 1208 3125 1263 ut
3170 1183 3268 1262 ibi
3318 1180 3386 1260 fit

1113 1298 1414 1390 mess'm,
1470 1300 1599 1377 ubi
1654 1296 1895 1377 satum
1935 1325 2094 1377 non
2130 1295 2277 1374 est:
2361 1318 2444 1374 ut
2484 1299 2656 1401 quis
2713 1299 2993 1373 Roma:
3046 1291 3180 1385 fit,
3239 1323 3382 1373 cum

1099 1410 1230 1490 *est
1285 1411 1652 1490 Atheniss:
1748 1434 1833 1488 ut
1900 1408 1989 1487 fit
2041 1408 2248 1486 ferro
2298 1408 2772 1491 vulneratus,
2834 1409 2970 1513 qui
3023 1405 3178 1484 fine
3231 1410 3386 1485 cica-

1123 1524 1314 1602 trice
1350 1521 1475 1601 est.
1590 1518 1736 1599 Sed
1774 1518 2126 1626 quaedam
2174 1524 2249 1598 ὅ(
2292 1517 2662 1597 retrorsus
2711 1513 2921 1595 idem
2975 1517 3274 1606 valent,
3304 1538 3389 1603 ut,

1119 1642 1385 1717 vivere
1437 1632 1884 1719 hominem,
1947 1631 2081 1740 qui
2136 1627 2422 1734 spirat:
2492 1634 2567 1711 ὅ(
2624 1628 2946 1735 spirare,
3010 1629 3146 1735 qui
3208 1633 3387 1710 vivit.

1121 1740 1501 1850 Qaedam
1559 1746 1635 1819 in
1705 1744 2182 1821 contrarium
2240 1769 2400 1819 non
2459 1763 2903 1833 recurrunt„
2993 1748 3160 1820 Nec
3213 1744 3392 1820 enim

1121 1861 1303 1963 quia
1347 1875 1711 1934 movetur
1741 1855 1875 1960 qui
1927 1850 2402 1957 ingreditur,
2471 1851 2764 1932 idcirco
2810 1856 3044 1930 etiam
3103 1849 3395 1958 ingredi·

1102 1991 1290 2055 tur,
1339 1960 1478 2070 ‘qui
1513 1986 1895 2045 movetur.
1991 1968 2246 2062 Qare
2281 1964 2532 2069 potest
2579 1970 2656 2043 &
2716 1963 2939 2041 coisse
2984 1992 3165 2041 cum
3206 1967 3389 2049 vim,

1020 2114 1028 2125 ·
1117 2092 1293 2187 'quat
1345 2102 1507 2154 non
1565 2080 1904 2183 peperit:
1972 2080 2053 2155 &
2095 2101 2258 2153 non
2292 2073 2435 2154 effe
2474 2098 2749 2156 ventus
2790 2076 2869 2152 in
2920 2079 3164 2165 mari,
3246 2098 3393 2155 cum

1122 2189 1305 2270 effet
1342 2186 1646 2267 fluCtus:
1687 2216 1865 2296 15¹5.ss
1912 2199 2180 2294 utique
2211 2213 2348 2265 cor
2385 2189 2545 2288 ejus
2577 2187 3065 2267 vulneratum
3101 2188 3245 2267 esse
3286 2187 3394 2292 qui

1123 2304 1368 2410 perit:
1426 2326 1513 2379 ac
1553 2297 1908 2395 similiter
1959 2297 2204 2376 satum
2274 2296 2483 2376 fuisse
2530 2298 2824 2405 potest,
2884 2299 3013 2378 ubi
3065 2326 3233 2379 non
3280 2299 3394 2375 fuit

1116 2410 1436 2494 messis:
1521 2409 1732 2489 fuisse
1796 2406 2115 2493 Romae,
2184 2413 2318 2515 qui
2371 2408 2517 2487 fuit
2575 2409 2953 2489 Athenis:
3015 2438 3166 2489 nec
3219 2406 3399 2489 fuisse

1008 2612 1019 2624 ,
1119 2524 1338 2611 ferro
1383 2520 1821 2604 vulneratus
1855 2580 1876 2614 ,
1926 2524 2057 2629 qui
2127 2521 2358 2600 habet
2412 2524 2867 2601 cicatricem.
3029 2521 3209 2603 Alia
3260 2520 3404 2602 sunt

1070 2728 1076 2735 ¹
1121 2633 1336 2742 signa
1380 2661 1541 2713 non
1582 2635 2033 2725 necessaria,
2091 2660 2260 2743 quae
2309 2639 2551 2710 εἰκότα.
2591 2638 2843 2715 Graeci
2883 2659 3211 2716 vocant:
3259 2658 3404 2742 quae

1101 2743 1421 2826 'etiamsi
1444 2728 1568 2824 'ad
1610 2742 2047 2825 tossendam
2089 2744 2656 2825 dubitationem
2715 2745 2871 2825 sola
2929 2773 3095 2826 non
3156 2745 3410 2827 suffici-

1118 2879 1310 2946 unt,
1377 2879 1639 2935 tamen
1677 2855 2025 2960 adjunssta
2066 2860 2397 2945 caeteriS,
2463 2855 2896 2962 plurimum
2931 2857 3216 2939 valent.
3318 2859 3410 2934 Si-

1118 2979 1368 3075 gnum
1424 2990 1744 3048 vocatur
1806 2977 1836 3061 (
1852 2990 1934 3048 ut
1966 2966 2191 3065 dixi)
2252 2969 2556 3064 σημεῖον,
2621 2994 3067 3078 quanquam
3140 2969 3222 3050 id
3266 2970 3415 3076 qui·

1118 3080 1309 3160 dam
1391 3074 1811 3169 indicium,
1900 3077 2218 3187 quidam
2306 3077 2719 3187 vestigium
2787 3085 3417 3168 nominaverunt,

1116 3217 1268 3302 per
1307 3189 1521 3301 quod
1565 3190 1710 3269 alia
1757 3217 1877 3269 res
1920 3189 2429 3296 intelligitur,
2485 3212 2571 3270 ut
2617 3219 2761 3297 per
2809 3191 3264 3299 sanguinem
3301 3219 3419 3272 cae-

1121 3302 1282 3383 des.
1375 3308 1484 3381 At
1522 3305 1702 3409 quia
1739 3300 2040 3407 sanguis
2079 3303 2207 3384 vel
2261 3329 2359 3380 ex
2400 3302 2660 3382 hostia
2686 3302 3103 3411 resperfiffi:
3148 3305 3422 3390 vestem

1121 3411 1378 3520 potest
1401 3467 1423 3504 ,
1463 3411 1591 3493 vel
1645 3440 1686 3491 e
1726 3415 2030 3496 naribus
2070 3411 2559 3518 profluxissc3
2625 3443 2789 3496 non
2826 3419 3099 3525 utique
3136 3423 3281 3528 qui
3317 3443 3425 3499 ve·

1121 3524 1327 3607 'stem
1379 3545 1782 3604 cruentam
1841 3525 2193 3606 habuerit
2218 3580 2240 3615 ,
2296 3525 2814 3609 homicidium
2875 3528 3180 3610 fecerit.
3304 3524 3433 3610 Sed

1125 3656 1221 3715 ut
1264 3658 1404 3743 per
1457 3636 1531 3714 se
1587 3662 1751 3715 non
1798 3634 2121 3728 sufficit,
2188 3640 2292 3718 ita
2346 3643 2634 3720 caeteris
2689 3640 3202 3741 adjunstum,
3246 3640 3433 3724 testi·

1126 3751 1382 3828 monii
1432 3746 1614 3826 loco
1649 3747 1991 3843 ducitur3
2048 3748 2104 3828 fi
2159 3751 2559 3838 inimicus,
2609 3751 2666 3833 fi
2714 3755 3048 3833 minatus
3099 3779 3336 3845 ante,
3391 3748 3433 3829 si

1130 3856 1416 3937 eodem
1450 3857 1631 3938 loco
1669 3861 1854 3941 fuit:
1912 3861 2187 3968 quibus
2229 3860 2532 3968 {ignum
2575 3891 2757 3945 curn
2796 3863 3154 3964 accessit,
3207 3866 3440 3947 efficit

1125 3991 1217 4076 pt
1267 3996 1436 4081 quae
1476 3969 1810 4079 suspesta
1859 3997 2118 4067 erant,
2167 3997 2372 4056 certa
2417 3975 2841 4059 videantur.
2894 3977 3239 4090 Alioqui
3284 3977 3440 4056 sunt

1126 4105 1136 4128 ⁸
1217 4125 1228 4135 ·
3251 4116 3441 4197 qua·-
