3557 5113
334 244 570 412 De
620 235 1091 455 Irgstit.
1128 241 1868 423 Oratoria,
1899 237 2203 413 Lib.
2235 247 2364 409 Ι.
2619 259 2817 409 549

206 576 276 665 &
296 572 822 659 auctoritatem
858 574 1332 688 antiquitatis
1366 570 1690 661 habent:
1727 578 1809 664 δε
1849 580 2030 695 quia
2070 581 2492 671 intermista
2516 623 2635 704 CA
2658 641 2697 692 ,.
2727 606 2736 644 ³
2772 580 2910 705 vi*

209 692 355 773 sunt
375 746 398 783 ,
432 692 763 799 gratiam
797 689 1130 774 novitati
1160 686 1494 775 limilem
1542 710 1835 800 parant.
1932 689 2081 780 Sed
2131 718 2328 808 opus
2379 698 2493 785 est
2705 677 2722 696 ⁰
2884 673 2906 717 ³

210 803 427 886 modo
455 859 477 896 ,
524 822 612 882 ut
645 826 898 912 neque
942 800 1206 885 crebra
1266 798 1411 884 sint
1446 800 1616 886 'haee
1649 854 1674 895 ‚
1740 828 1996 917 neque
2039 810 2487 897 manifesta:

214 921 362 1028 quia
416 912 615 997 nihil
674 912 789 996 est
844 910 1179 998 odiosius
1232 910 1713 998 affestatione
1752 946 1769 998 ε
1867 944 2014 1003 nec
2069 926 2336 1032 utique
2399 920 2496 1008 ab

215 1033 471 1110 ultimis
513 1032 594 1110 &
647 1031 807 1128 jam
864 1024 1291 1111 obliteratis
1338 1030 1664 1135 repetita
1720 1029 2251 1142 temporibus,
2309 1060 2496 1145 quaa

213 1142 296 1223 lia
334 1136 497 1223 sunt
531 1162 800 1253 topper,
841 1140 920 1224 ὃ(
956 1144 1308 1253 antigerio
1321 1190 1344 1225 μ
1382 1147 1462 1223 ὃ(
1511 1142 1887 1227 exanclare
1905 1198 1927 1231 2
1998 1146 2077 1229 &
2122 1145 2492 1262 profhpid.

217 1259 282 1337 &
306 1257 648 1338 Saliorum
696 1259 1025 1336 carmina
1072 1261 1205 1336 vix
1241 1246 1757 1336 sacerdotibus
1795 1256 1941 1337 suis
1982 1258 2152 1341 satis
2193 1258 2494 1342 intelle-

218 1366 335 1449 sta.
434 1365 581 1449 Sed
621 1366 759 1447 illa
793 1370 1079 1448 mutari
1138 1382 1349 1449 vetat
1396 1358 1712 1474 religio,
1771 1368 1853 1449 δε
1910 1364 2366 1453 consecratis
2409 1390 2496 1453 ua·

225 1478 515 1559 tendum
561 1473 695 1558 est.
809 1478 1085 1560 Oratio
1155 1500 1390 1569 vero,
1443 1483 1656 1579 eujus
1719 1472 2020 1561 summa
2082 1485 2324 1563 virtus
2385 1479 2498 1563 est

228 1592 675 1699 perspimitas
700 1644 721 1681 ‚
792 1611 1033 1699 quam
1067 1584 1159 1671 sit
1197 1587 1470 1674 vitiosa
1502 1586 1556 1670 si
1596 1614 1818 1697 egeat
1854 1592 2322 1701 interprete?
2357 1595 2496 1673 'Er-

222 1729 314 1811 go
364 1724 437 1784 ut
483 1727 888 1785 novorum
947 1703 1250 1812 optima
1303 1722 1533 1783 erunt
1590 1707 1936 1784 maxime
2007 1727 2312 1796 vetera,
2389 1709 2494 1786 ita

224 1836 532 1899 veterum
568 1811 921 1896 maxime
962 1838 1186 1898 nova.
1345 1813 1628 1896 Similis
1688 1812 1892 1896 circa
1953 1814 2497 1899 austeritatem

228 1928 403 2011 ratio.
488 1930 711 2010 Nam
745 1920 1046 2011 etiamsi
1105 1919 1359 2036 potest
1410 1919 1658 2017 videri
1692 1924 1889 2009 nihil
1943 1948 2264 2036 peccare
2284 1980 2305 2019 ,
2359 1930 2497 2037 qui
2643 2026 2653 2041 .
2767 2026 2776 2035 .
2841 1970 2907 2041 ε)

174 2134 183 2141 ,
226 2046 429 2122 utitur
483 2044 587 2124 iis.
636 2037 894 2124 verbis
928 2120 934 2127 ,
969 2060 1139 2149 quae
1215 2036 1500 2133 summi
1556 2036 1905 2121 austores
1966 2037 2447 2123 tradiderunt
2468 2094 2497 2134 ,

220 2156 521 2249 multum
559 2175 838 2236 tamen
874 2154 1110 2234 refert
1149 2173 1319 2243 non,
1367 2145 1625 2243 solum,
1667 2146 1856 2258 quid
1896 2145 2234 2234 dixerint
2274 2209 2308 2243 „
2366 2152 2493 2241 sed

219 2271 427 2347 etiam
449 2265 637 2375 quid
681 2262 1205 2373 persuaserint.
1302 2263 1579 2372 Neque
1622 2267 1844 2356 enim
1882 2259 2493 2354 tuburchinabun-

231 2376 382 2459 dum
424 2383 497 2460 &
538 2373 1107 2462 turchaebundum
1158 2381 1315 2483 jam
1367 2373 1450 2455 in
1499 2370 1724 2455 nobis
1775 2375 2181 2484 quisquam
2255 2377 2450 2458 ferat
2468 2432 2492 2468 ,

230 2488 394 2573 licet
426 2493 603 2574 Caro
649 2485 743 2574 fit
797 2488 1107 2576 austof:
1176 2516 1319 2570 nee
1378 2481 1506 2569 bos
1565 2484 1826 2581 lodices
1847 2543 1870 2580 ,
1920 2510 2364 2598 quanquam
2412 2487 2506 2572 id·

221 2603 511 2687 Pollioni
550 2605 899 2714 placeat:
989 2626 1134 2685 nec
1213 2595 1485 2683 ladiola
1524 2651 1547 2693 ‚
1613 2600 1828 2711 atqui
1885 2592 2193 2682 Messala
2250 2593 2492 2692 dixit:

224 2740 340 2799 nec
355 2720 886 2832 parricidatum
902 2776 924 2803 ,
978 2744 1139 2828 quo
1236 2719 1317 2794 in
1359 2713 1602 2800 Caelio
1648 2718 1798 2804 vix,
1841 2709 2242 2796 tolerabile
2285 2707 2492 2797 vide-

237 2848 365 2909 tur:
422 2862 560 2913 nec
593 2833 804 2913 codas
847 2830 1047 2912 mihi
1081 2820 1362 2916 Calvus
1397 2817 1883 2934 persuaserit:
1951 2851 2121 2935 qua:
2163 2854 2306 2907 nec
2352 2821 2492 2933 ipsi

221 2946 350 3045 jam
380 2940 750 3027 dicerent.
846 2934 1196 3050 Superest
1248 2942 1485 3047 igitur
1537 2930 2052 3021 consuetudo:
2149 2960 2334 3018 nam
2375 2937 2498 3018 fu-

220 3059 347 3136 erit
377 3080 563 3163 pene
605 3056 1034 3139 ridiculum
1074 3047 1310 3134 malle
1359 3049 1803 3147 [ermonem
1843 3071 2006 3161 quo
2045 3043 2290 3132 locuti
2321 3049 2497 3132 sunt

224 3165 540 3251 homines
557 3223 583 3261 ‚
647 3191 896 3278 quam
963 3190 1147 3278 que,
1182 3161 1622 3273 loquantur.
1782 3163 1884 3248 Et.
1923 3157 2097 3243 sane
2148 3154 2340 3271 quid
2385 3159 2497 3244 est

220 3278 397 3364 aliud
422 3303 647 3365 vetus
690 3282 950 3362 sermo
986 3331 1009 3372 ‚
1075 3301 1319 3386 quam
1378 3290 1598 3356 vetus
1659 3268 2038 3381 loquendi
2085 3272 2500 3361 ,consuetu-
2556 3349 2566 3356 .

224 3390 345 3473 do?
406 3391 557 3474 Sed
590 3396 774 3475 huic
803 3390 941 3500 ipsi
978 3383 1477 3473 necessarium
1507 3381 1616 3467 est
1659 3384 2074 3490 judicium,
2128 3379 2500 3470 constitu-

230 3506 633 3615 endumque
676 3510 1083 3612 inprimis,
1142 3496 1224 3584 id
1253 3500 1545 3609 ipsum,
1580 3489 1770 3607 quid
1822 3492 1968 3590 fit,
2029 3489 2245 3608 quod
2314 3520 2501 3578 con-³

238 3614 670 3701 suetudinem
723 3642 1121 3699 vocemus».
1235 3616 1430 3718 Qae
1472 3609 1530 3690 si
1564 3639 1662 3692 ex
1708 3637 1808 3690 eo
1839 3602 2055 3718 quod
2096 3604 2354 3717 plures
2393 3610 2503 3689 fa⁴

246 3731 402 3809 ciunt
435 3789 457 3824 ‚
515 3755 840 3813 nomen
892 3729 1210 3836 accipiat
1234 3782 1257 3818 ,
1291 3718 2016 3833 periculosiffimum
2058 3719 2268 3803 dabit
2310 3745 2501 3828 prae3

239 3864 491 3943 ceptum
508 3901 529 3938 ,
591 3870 783 3926 non
824 3841 1163 3922 orationi
1208 3835 1457 3922 modo
1476 3887 1501 3928 ,
1562 3829 1692 3918 sed
1753 3830 2001 3945 (quod
2045 3835 2290 3939 majus
2343 3833 2501 3928 est-,j

222 3953 390 4032 Vitae-
472 3956 708 4042 Unde
771 3957 989 4037 enim
1027 3973 1329 4066 tantum
1350 4017 1353 4022 .
1372 3946 1599 4040 boni,
1662 3970 1750 4030 ut
1790 3944 2133 4057 pluribus
2175 3976 2345 4057 quae
2382 3973 2510 4060 ref·

214 4062 311 4146 &a
339 4067 500 4153 su'nt
544 4065 977 4178 placeant?
1050 4069 1288 4173 Igitur
1334 4085 1423 4180 ut
1477 4062 1706 4154 velli,
1739 4067 2178 4173 &geomam
2213 4061 2294 4139 in
2331 4080 2508 4252 gd&

1382 4178 1456 4256 G
1506 4199 1549 4258 z
2416 4190 2506 4251 uz
