3557 5113
731 243 993 363 666
1252 186 3202 383 MFAanumcrxmAm

652 535 853 621 ‘0⁴¹’-
901 542 990 620 Π·
1067 573 1191 637 re,
1265 548 1479 660 quod
1533 543 2008 630 exciderunt.
2084 537 2280 624 {llud
2329 533 2740 626 ediscendo
2811 537 3361 657 scribendoque

1069 690 1498 746 commune
1528 662 1662 746 est,
1703 662 2007 766 utrique
2057 657 2484 763 plurimum
2524 658 2879 750 conferre
2916 659 3220 739 bonam
3255 688 3362 740 va-

1068 776 1526 867 letudinem,
1562 773 1950 882 digestum
1997 771 2257 850 cibum
2303 829 2326 857 ‚
2370 773 2719 850 animum
2778 773 3364 877 cogitationibus

1063 890 1232 971 aliis
1262 890 1611 971 liberum.
1673 891 1986 967 Verum
2023 887 2103 965 δε
2171 886 2255 964 in
2289 885 2408 964 his
2447 910 2621 991 quae
2662 882 3132 991 scripfimus,
3174 913 3362 965 com

1062 1000 1513 1109 plectendis,
1571 1000 1916 1082 multum
1967 995 2226 1077 valent
2261 1053 2290 1082 ,
2336 1002 2418 1080 δ(
2456 1001 2539 1076 in
2572 1000 2663 1079 iis
2699 1022 2870 1105 quae
2916 1002 3360 1106 cogitamus-

1061 1112 1578 1204 continendis,
1624 1103 1873 1220 prop‘e
1916 1106 2091 1191 solae
2142 1121 2170 1206 (
2203 1132 2528 1216 excepta
2569 1165 2592 1202 ,
2635 1136 2807 1217 quae
2848 1110 3359 1217 potentissima

1064 1227 1204 1317 est,
1247 1229 1807 1308 exercitatione
1848 1234 1877 1319 )
1925 1219 2195 1304 divisio
2231 1228 2312 1304 δε
2353 1222 2845 1329 compositio.
2965 1229 3182 1304 Nam
3239 1224 3352 1331 qui

1063 1341 1276 1421 reste
1319 1337 1705 1429 diviserit,
1746 1360 2148 1443 nunquam
2189 1340 2479 1444 poterit
2515 1339 2594 1414 in
2637 1360 2901 1414 rerum
2945 1335 3226 1418 ordine
3254 1363 3348 1416 er-

1068 1480 1265 1535 rare.
1356 1460 1590 1535 Certa
1619 1451 1794 1533 sunt
1828 1455 2042 1532 enim
2074 1475 2235 1529 non
2294 1447 2545 1529 solum
2578 1450 2658 1527 in
2695 1445 3150 1554 digerendis
3174 1476 3348 1557 quae·

1074 1565 1448 1648 stionibus
1470 1622 1492 1651 ‚
1543 1563 1670 1645 sed
1709 1566 1948 1651 etiam
1991 1568 2072 1642 in
2107 1557 2605 1671 exequendis,
2649 1557 2706 1639 s1
2737 1558 2995 1641 modo
3027 1562 3219 1642 reste
3252 1559 3346 1639 di-

1067 1681 1361 1771 cimus,
1405 1682 1657 1785 prima
1703 1704 1789 1756 ac
1824 1672 2145 1755 secunda
2171 1731 2194 1766 ,
2247 1681 2327 1757 δε
2371 1671 2737 1779 deinceps
2779 1711 2802 1750 .-
2871 1672 3339 1781 cohaeretque

1064 1795 1328 1872 omnis
1369 1818 1635 1870 rerum
1674 1786 2074 1893 copulatio
2134 1840 2158 1878 ,
2237 1808 2321 1867 ut
2366 1789 2439 1866 ei
2487 1785 2697 1882 nihil=
2736 1812 2994 1894 neque
3038 1786 3332 1866 aetram

1066 1901 1240 1983 fine.
1262 1900 1670 1984 manifesto
1714 1895 2111 1983 intellectu
2132 1955 2155 1990 ,
2202 1925 2454 2007 neque
2493 1895 2720 1980 inseri
2761 1896 3002 2005 poffit.
3060 1905 3177 1975 An
3207 1923 3317 1976 ve-

1066 2039 1163 2095 ro
1196 2013 1526 2096 Scaevola
1561 2016 1644 2093 in
1675 2009 1844 2095 lusu
1873 2008 2293 2094 duodecim
2335 2009 2797 2118 scruporum
2843 2069 2872 2098 ‚
2935 2037 3107 2091 cum
3136 2011 3316 2117 prior

1066 2126 1451 2212 caleulum
1489 2122 1991 2234 promoviss'et
2010 2178 2032 2214 ,
2074 2122 2410 2232 essetque
2452 2124 2697 2207 victus
2734 2179 2760 2217 ,
2796 2124 2990 2205 dum
3041 2151 3158 2205 rus
3191 2145 3333 2201 ten·

1063 2236 1215 2332 dit,
1249 2243 1583 2348 repetito
1620 2242 1856 2320 totius
1886 2241 2339 2318 certaminis
2374 2235 2678 2329 ordine,
2723 2263 2890 2347 quo
2926 2235 3110 2318 dato
3138 2231 3338 2318 enaiz

1062 2349 1180 2434 stt
1218 2351 1660 2434 reeordatus
1683 2407 1707 2442 ,
1765 2347 1996 2432 rediit
2024 2347 2129 2430 ad
2171 2378 2361 2432 eum
2397 2353 2718 2458 quicum
2760 2348 3045 2434 luserat
3094 2406 3117 2443 ,
3158 2347 3333 2455 iique

1059 2465 1172 2544 ita
1207 2463 1497 2546 fastum
1529 2462 1688 2548 esse¹
1713 2458 2094 2546 confessus
2124 2463 2234 2544 est
2292 2497 2315 2542 .-
2376 2465 2633 2542 minus
2668 2458 2883 2543 idem
2922 2464 3133 2552 ordo
3166 2461 3334 2543 vale-

1056 2577 1178 2658 bit
1217 2582 1301 2658 in
1340 2580 1699 2661 oratione
1735 2634 1757 2660 ‚
1820 2574 2245 2684 praesertim
2274 2597 2485 2658 totus
2527 2575 2797 2656 nostro
2826 2577 3154 2659 arbitrio
3183 2603 3342 2657 con-

1059 2689 1401 2780 stitutus,
1435 2715 1614 2768 eum
1637 2710 1951 2769 tantum
1989 2685 2127 2768 ille
2160 2688 2413 2776 valeat
2451 2688 2791 2771 alternus
2821 2696 2862 2768 ?
2889 2694 3154 2772 Etiam
3189 2713 3338 2799 quae

1060 2800 1267 2881 bene
1298 2797 1736 2907 cmnpofiea
1769 2818 1996 2882 erunt
2041 2853 2065 2892 ,
2120 2803 2597 2885 memoriam
2649 2801 2841 2883 serie
2887 2801 3029 2886 sua
3067 2803 3341 2885 ducent.

1064 2915 1279 2993 Nam
1308 2909 1501 2993 ficut
1543 2910 1836 2994 facilius
1859 2909 2113 2996 verffis
2138 2912 2572 3007 ediscimus,
2591 2939 2833 3023 quam
2850 2915 3169 3022 prossm
3190 2940 3344 3022 0122·

1061 3027 1371 3107 tionem
1410 3055 1435 3104 ε
1472 3028 1584 3105 ita
1620 3022 1933 3131 prosam
1968 3027 2306 3110 vinciam
2337 3082 2368 3119 ,
2423 3053 2661 3137 quam
2709 3025 3182 3112 diffolutam.
3238 3030 3347 3110 Sic

923 3188 954 3217 .
1058 3139 1454 3245 contingit
1478 3191 1510 3229 ,
1559 3157 1649 3218 ut
1685 3140 1931 3221 etiam
1980 3161 2160 3245 quae
2198 3168 2299 3222 ex
2348 3161 2713 3248 tempore
2749 3138 3225 3225 videbantur
3255 3141 3346 3223 ef·

1058 3248 1223 3330 fissa
1251 3305 1275 3336 ‚
1301 3247 1405 3330 ad
1451 3249 2142 3358 verbim‘repetita
2176 3248 2648 3343 reddantur:
2681 3253 2905 3362 quod
2946 3280 3357 3367 meaeque-

1055 3386 1216 3469 que
1259 3365 1671 3444 memoriae
1706 3360 2338 3447 mediocritatem
2383 3363 2840 3475 sequebatur
2870 3418 2894 3454 ‚
2949 3367 3007 3449 fi
3054 3366 3351 3481 quando

1053 3473 1537 3556 interventus
1565 3472 2018 3584 aliquorum
2037 3533 2062 3564 0
2104 3481 2243 3586 qui
2276 3478 2485 3561 hunc
2532 3480 2924 3561 honorem
2963 3509 3359 3565 mereren-

1050 3602 1186 3666 tur
1206 3642 1232 3671 2
1279 3590 1561 3668 iterare
1599 3585 2191 3673 declamationis
2220 3611 2528 3698 partem
2565 3590 2981 3701 coegisset:
3073 3624 3228 3677 nec
3261 3594 3357 3677 est

1047 3696 1464 3781 mendacio
1483 3698 1723 3794 locus,
1755 3700 1970 3785 salvis
2005 3707 2147 3813 qui
2179 3704 2713 3786 interfiierunt.
2751 3709 2830 3786 Si
2866 3710 3055 3816 quis
3102 3733 3359 3791 tamen

1046 3836 1292 3893 unam
1364 3814 1949 3921 maximamque
2006 3844 2051 3896 a
2087 3843 2219 3899 me
2256 3839 2515 3898 artem
2547 3823 2957 3901 memoriae
2992 3846 3297 3929 quaerat
3321 3876 3347 3912 ³

1051 3926 1509 4006 exercitatio
1523 3923 1662 4011 est.
1684 3929 1766 4009 ὅ(
1784 3925 2004 4009 labor
2025 3958 2044 4009 ε
2082 3929 2330 4014 multa
2350 3927 2959 4016 edisceremulta
2978 3940 3355 4042 cogitare.

1054 4039 1140 4140 ξι
1168 4035 1275 4137 (sl
1303 4036 1474 4123 fieri
1514 4038 1772 4149 potest
1789 4052 1823 4145 )
1869 4042 2225 4154 quotidie
2253 4098 2279 4131 .
2347 4042 2972 4154 potentiffimum
3016 4049 3165 4133 est.
3232 4050 3358 4247 13:¹-
