3557 5113
836 270 1088 387 ”110'
1347 260 1561 375 Μ
1646 258 2071 373 'Fauii
2199 273 3186 416 Qu‘NcrttiAnr

746 556 1142 647 'cnaxm
1174 583 1316 637 nec
1349 553 1764 637 scriberem
1810 590 1826 636 ε
1901 585 2180 641 verum
2227 554 2281 636 sl
2327 552 2598 637 eadem
2639 556 2776 637 ,illa
2806 557 3023 637 nobis
3059 555 3260 638 aliud
3289 553 3411 638 sua-

786 668 799 679 ’
1167 668 1384 750 debit
1429 669 1768 757 utilitas,
1840 668 2037 749 hanc
2088 670 2364 749 relistis
2405 668 2949 774 magistrorum
3004 671 3414 749 auetoritati-

1166 783 1309 869 bus
1358 781 1786 889 sequemur.
1881 779 2257 887 Equidem
2297 780 2384 859 id
2424 784 2765 859 maxime
2832 784 3296 888 praecipiam,
3349 808 3415 858 ac

1166 917 1524 1000 repetens
1582 897 1868 970 iterum
1912 896 2352 1000 iterumque
2411 893 2755 972 monebo
2811 924 2827 970 :
2908 898 3063 972 Res
3137 891 3304 971 duas
3353 894 3412 967 in

1168 1012 1394 1086 omni
1454 1007 1625 1085 adiu
1682 1002 1965 1108 spestet
2015 1025 2286 1082 orator
2322 1004 2354 1093 ,'
2417 1003 2608 1110 quid
2650 1003 2959 1093 deceat,
3015 1002 3193 1111 quid
3229 1029 3420 1107 expo,

1162 1115 1349 1198 diat.
1446 1113 1773 1221 Expedit
1821 1137 2076 1193 autem
2142 1115 2333 1221 saepe
2400 1136 2698 1195 mutare
2762 1144 2858 1195 ex
2915 1114 3057 1194 ino
3103 1112 3412 1194 constitu-

1169 1251 1260 1310 to
1319 1226 1752 1334 traditoque
1821 1225 2095 1306 ordine
2162 1227 2414 1335 aliqua
2458 1282 2481 1316 ,
2554 1233 2632 1306 δ(
2680 1230 2997 1307 interim
3038 1225 3295 1318 decet;
3351 1241 3414 1301 ut

1165 1351 1255 1421 in
1317 1342 1575 1421 statuis
1630 1360 1858 1445 atque
1932 1339 2244 1442 pisturis
2318 1336 2666 1418 videmus
2705 1395 2727 1428 ‚
2783 1342 3064 1420 variari
3125 1336 3411 1417 habitus,

1167 1452 1427 1533 vultus
1459 1507 1483 1542 ‚
1542 1451 1790 1530 status.
1884 1455 2094 1529 Nam
2150 1450 2334 1529 roffi
2387 1448 2707 1555 quidem
2748 1452 3098 1557 corporis
3152 1447 3266 1527 vel
3302 1448 3411 1524 mi-

1164 1568 1386 1655 nima
1437 1565 1683 1669 gratia
1742 1561 1851 1640 est
1892 1593 1908 1640 :
1993 1588 2279 1667 nempe
2344 1563 2555 1639 enim
2601 1558 2913 1645 adversa
2957 1563 3042 1641 fit
3087 1562 3325 1648 faeieS,
3356 1561 3413 1636 δε

1170 1674 1487 1775 demilsa
1522 1673 1828 1754 brachia
1864 1726 1886 1763 ,
1935 1677 2014 1751 ὅ(
2073 1674 2310 1772 junffl
2377 1669 2609 1778 pedes
2657 1728 2680 1763 ,
2762 1678 2843 1753 &
2900 1701 2945 1752 a
3012 1672 3299 1752 summis
3342 1662 3413 1744 ad

1166 1791 1330 1879 ima
1374 1791 1627 1891 rigens
1655 1811 1868 1890 opus,
1954 1782 2221 1863 Flexus
2255 1781 2434 1873 ille,
2488 1789 2566 1864 ὅ(
2607 1807 2689 1863 ut
2719 1783 2845 1864 'sie
2894 1784 3250 1871 dixerim,
3281 1804 3414 1857 mo·

1168 1921 1291 1991 tus
1321 1954 1345 1990 ‚
1404 1896 1536 1976 dat
1597 1896 1853 1976 astum
1913 1889 2303 2001 quendam
2352 1894 2644 1974 effistis.
2778 1890 2968 1977 Ideo
3035 1922 3176 1976 nec
3224 1889 3308 1972 ad
3350 1917 3413 1967 u-

1167 2036 1366 2091 num
1405 2005 1737 2089 modum
1791 2007 2142 2087 formatae
2193 2033 2506 2097 manus,
2561 2012 2643 2099 ὃς
2699 2009 2779 2087 in
2818 2008 3050 2090 vultu
3086 2004 3280 2087 mille
3301 2001 3419 2106 spe·

1172 2126 1347 2213 cies.
1436 2120 1766 2200 Cursum
1816 2121 2102 2199 habent
2150 2116 2502 2225 quaedam
2560 2124 2638 2198 &
2680 2123 3084 2227 impetum
3120 2176 3140 2210 ,
3213 2112 3421 2195 sedent

1167 2234 1318 2315 alia
1352 2288 1376 2323 ,
1439 2233 1568 2314 vel
1634 2231 2112 2310 incumbunt.
2205 2228 2410 2309 nuda
2458 2231 2620 2310 haec
2652 2286 2674 2319 ‚
2752 2230 2898 2311 ina
2956 2233 3197 2313 velata
3242 2224 3418 2304 sunt:

1171 2344 1536 2454 quaedam
1586 2346 1832 2422 mixta
1873 2370 1970 2420 ex
2007 2364 2357 2447 utroque.
2475 2340 2687 2445 Qid
2721 2363 2901 2423 tarn
2941 2343 3321 2424 distortum
3362 2341 3423 2415 ὅ(

1162 2457 1649 2540 elaboratum
1671 2510 1695 2546 ‚
1753 2480 1994 2563 quam
2061 2452 2170 2532 est
2230 2451 2362 2532 ille
2412 2451 2808 2559 Disc'obolus
2876 2456 3219 2565 Myronis
3274 2450 3294 2530 ἔ
3367 2447 3424 2525 Si

1161 2575 1338 2680 quis
1391 2591 1652 2649 tamen
1693 2590 1780 2647 ut
1829 2593 2111 2673 parum
2155 2566 2453 2646 reustum
2490 2566 2897 2672 improbet
2937 2596 3129 2676 opus
3150 2624 3172 2659 ‚
3212 2585 3426 2646 nonne

1163 2683 1261 2766 ab
1311 2681 1704 2761 intelleRu
1743 2682 1926 2759 artis
1974 2677 2341 2769 abfuerit,
2365 2680 2445 2757 in
2502 2704 2655 2785 qua
2708 2679 2848 2760 vel
2898 2685 3269 2788 praecipue
3304 2673 3425 2752 lau-

1162 2790 1434 2886 dabilis
1503 2789 1611 2871 est
1664 2789 1796 2878 illa
1846 2786 2000 2895 ipsa
2058 2791 2358 2868 novitas
2401 2843 2438 2879 ‚i
2517 2815 2605 2868 ac
2660 2788 3092 2874 difficultas
3133 2792 3154 2872 ?
3218 2794 3426 2892 Qam

1168 2904 1491 3013 quidem
1552 2904 1880 3009 gratiam
1957 2905 2038 2982 ὃ(
2116 2898 2712 2981 άείεᾶαῑίοηεω
2767 2903 3118 2987 afferunt
3175 2901 3429 3007 figurat,

1160 3042 1516 3126 quaeque
1545 3017 1627 3093 in
1683 3011 2010 3093 sensibus
2038 3066 2061 3102 ‚
2148 3038 2473 3120 quaeque
2535 3015 2617 3093 in
2677 3014 2946 3099 verbis
3006 3018 3433 3099 summutant

1159 3132 1403 3210 etiam
1454 3123 1745 3234 aliquid
1791 3152 1836 3205 a
1888 3126 2100 3204 resto
2126 3178 2151 3216 ‚
2201 3146 2432 3231 atque
2490 3123 2688 3205 hanc
2740 3154 2914 3233 prae
2970 3128 3050 3211 st
3106 3131 3432 3212 virtutem

1162 3241 1464 3331 ferunt,
1519 3233 1735 3346 quod
1766 3265 1811 3317 a
1838 3234 2388 3322 consuetudine
2427 3235 2723 3343 vulgari
2766 3241 3249 3322 recesserunt.
3305 3236 3434 3311 Ha-

1161 3352 1297 3437 bet
1353 3357 1435 3432 in
1500 3353 1795 3455 pieiura
1852 3348 2182 3456 speciem
2236 3371 2402 3430 tota
2455 3348 2682 3428 facies
2727 3381 2744 3428 ε
2834 3354 3161 3459 Apelles
3208 3368 3434 3430 tamen

1160 3465 1589 3567 imaginem
1667 3462 2050 3565 Antigoni
2087 3458 2351 3540 latere
2422 3481 2723 3541 tantum
2771 3461 3066 3546 altero·
3115 3453 3440 3544 ostendit,

1161 3596 1252 3655 ut
1302 3571 1550 3653 amissi
1606 3568 1844 3652 oculi'
1882 3569 2333 3653 deformitas
2385 3571 2682 3652 lateret.
2828 3576 3054 3680 Qid
3096 3577 3118 3658 ?
3183 3596 3339 3653 non
3380 3571 3442 3643 in

1157 3688 1513 3766 oratione
1562 3680 1984 3790 operienda
2030 3680 2205 3765 sunt
2259 3682 2616 3792 quaedam
2649 3739 2674 3775 ‚
2730 3681 2889 3767 five
2953 3683 3260 3771 ostendi
3311 3703 3443 3761 non

1157 3794 1487 3882 debent,
1539 3792 1693 3876 five
1747 3797 2085 3900 exprimi
2131 3823 2283 3902 pro
2336 3795 2709 3904 dignitate
2765 3824 2939 3880 non
2977 3794 3342 3910 poss'unt?
3382 3807 3443 3868 ut

1158 3907 1345 4006 fecit
1381 3906 1838 3988 Timanthes
1867 3959 1891 3996 ‚
1955 3928 2040 3984 ut
2094 3909 2424 4012 opinor,
2474 3910 2829 3990 Cithnius
2852 3964 2878 4000 ‚
2941 3919 3030 3993 in
3085 3937 3180 3992 ea
3226 3899 3443 3985 tabula

1154 4045 1309 4133 qua
1345 4019 1677 4105 Goleten
1726 4021 2012 4127 Teium
2052 4021 2258 4103 vicit.
2413 4027 2623 4104 Nam
2651 4048 2856 4130 ‚cum
2919 4029 3012 4107 in
3063 4016 3443 4132 Iphigenia

2025 4143 2032 4154 '
2745 4157 2760 4184 ⁴
3203 4135 3443 4215 immo
