3557 5113
324 183 558 348 De
590 174 1045 388 Instit.
1121 179 1831 358 Oratoria,
1867 168 2176 337 Lib:
2209 173 2344 331 II
2353 303 2383 332 .
2627 198 2819 313 125

198 515 584 591 trariorum
642 530 949 623 reperta
998 506 1153 601 est,
1218 513 1300 590 ὅ(
1354 532 1439 589 ut
1491 507 1949 618 quibusdam
1992 506 2248 617 placet
2270 565 2292 601 ‚
2359 532 2482 590 to·
2584 524 2658 615 C
2675 520 2720 609 A*
2750 532 2860 627 ,g
3015 478 3026 554 :²
3109 558 3117 567 ι

198 646 267 704 ta
321 622 606 704 constat
657 625 1229 730 experimentis.
1341 629 1550 701 Nam
1621 626 1703 702 &
1769 622 2051 704 vulnus
2109 622 2482 730 deligavit
2571 646 2878 737 XVlL-

193 736 467 844 aliquis,
551 756 972 844 antequam
1027 733 1191 814 haec
1253 761 1372 813 ars
1415 732 1638 816 effet:
1734 739 1816 816 &
1876 734 2178 815 febrem
2212 745 2477 843 quiete

192 853 259 927 ὅ(
300 849 740 928 abstinentia
761 904 785 939 ‚
849 875 1015 927 non
1057 850 1237 955 quia
1282 849 1668 928 rationem
1704 845 2018 929 videbat
2036 903 2062 939 ‚
2126 845 2255 928 sed
2294 851 2476 957 quia

194 959 257 1038 id
303 959 660 1042 valetudo
727 957 885 1067 ipsa
941 980 1302 1068 coegerat
1344 1016 1367 1050 ,
1432 956 1840 1065 mitigavit.
1953 965 2124 1040 Nec
2186 960 2471 1041 fabrica

192 1071 267 1150 fit
313 1101 473 1153 ars:
568 1070 777 1153 casas
840 1075 1057 1151 enim
1122 1074 1362 1181 primi
1426 1070 1543 1151 illi
1620 1067 1777 1151 fine
1861 1092 2023 1152 arte
2096 1072 2466 1155 fecerunt.

191 1178 332 1264 Nec
368 1182 698 1265 mufica:
794 1207 1141 1266 cantatur
1186 1211 1289 1264 ,ac
1363 1182 1676 1263 saltatur
1727 1211 1871 1290 per
1937 1212 2212 1265 omnes
2274 1213 2465 1292 gen·

191 1318 282 1376 tes
324 1296 582 1406 aliquo
635 1294 910 1377 modo.
1006 1302 1117 1378 lta
1156 1294 1213 1376 fi
1268 1284 1657 1377 rh'etorice
1708 1300 1971 1377 vocari
2015 1292 2248 1376 debet
2309 1297 2461 1380 ser-

190 1435 308 1487 mo
361 1413 797 1517 quicunque
818 1464 844 1500 ‚
896 1408 1108 1488 fuisse
1164 1436 1340 1491 eam
1405 1431 1826 1517 antequam
1863 1406 2043 1489 esset
2095 1437 2240 1499 ars,
2276 1436 2461 1490 con-

186 1517 443 1600 fitebor.
530 1525 614 1603 Si
670 1549 866 1605 vero
914 1548 1079 1600 non
1130 1519 1468 1630 quisquis
1519 1521 1876 1629 loquitur
1895 1546 1946 1605 ,·
1985 1543 2254 1601 orator
2302 1521 2415 1602 est
2434 1578 2459 1613 ,

183 1636 250 1712 &
292 1655 441 1713 tum
492 1662 670 1714 non
708 1638 1080 1740 tanquam
1124 1653 1473 1714 oratores
1510 1632 2072 1741 loquebantur3
2165 1632 2460 1713 necesse

186 1743 274 1824 est
326 1770 726 1826 oratorem
785 1745 1074 1825 fastum
1138 1766 1302 1825 arte
1327 1799 1350 1836 ‚
1434 1771 1580 1826 nec
1628 1767 1807 1827 ante
1881 1767 2136 1826 artem
2191 1744 2403 1827 fuist}
2435 1801 2461 1837 ,

186 1854 531 1939 fateantur.
689 1864 899 1964 Qo.
927 1855 1122 1940 illud
1194 1883 1511 1966 quoque
1567 1854 2018 1945 excluditur·
2060 1855 2277 1967 quod
2344 1856 2464 1937 di,

183 1992 370 2060 cunt,
427 2000 594 2051 non
660 1970 808 2050 esse
881 1973 1063 2050 artis
1129 1968 1212 2048 id
1275 1965 1495 2079 quod
1564 1962 1804 2050 faciat
1850 1973 1987 2079 qui
2045 1999 2208 2050 non
2231 1988 2236 1995 ’
2262 1966 2464 2052 didi-

178 2086 368 2161 cerit:
438 2082 706 2165 dicere
744 2103 1006 2164 autem
1070 2083 1433 2163 homines
1476 2087 1555 2163 ὅ(
1584 2085 1722 2190 qui
1771 2111 1939 2162 non
2001 2081 2463 2166 didicerunt.

174 2193 281 2272 Ad
314 2197 515 2295 cujus
563 2190 692 2276 rei
738 2193 1427 2276 confirmationem
1465 2194 1798 2275 afferunt
1850 2194 2305 2276 Demadem
2342 2224 2466 2277 re-

172 2309 439 2412 nugem
486 2313 563 2390 ὃ(
609 2306 1061 2418 AEschinem
1103 2306 1572 2419 hypocriten
1639 2331 1989 2415 oratores
2053 2306 2289 2389 fuisse.
2325 2306 2468 2388 fal·
2632 2389 2637 2393 .

167 2414 279 2495 so-
348 2425 543 2498 Nam
588 2421 1157 2530 neque‘orator
1194 2418 1339 2498 effe
1390 2423 1525 2528 qui
1565 2445 1728 2499 non
1783 2415 2116 2508 didicit,
2168 2420 2494 2525 potest?

168 2532 245 2608 δι
280 2527 411 2613 hos
458 2530 611 2614 {ero
648 2534 921 2642 potius
961 2546 1201 2643 quam
1244 2527 2037 2642 nunquamdidi'ciss'e
2105 2535 2277 2640 quis
2348 2530 2484 2613 diss

170 2646 375 2724 xerit:
460 2671 921 2756 quanquam
982 2643 1371 2726 AEschines
1426 2646 1520 2726 ab
1571 2643 1799 2724 initio
1857 2644 1952 2727 fit
1994 2644 2341 2727 versatus
2381 2649 2465 2724 in

176 2750 405 2847 literis,
455 2785 648 2867 quas
704 2777 932 2866 pater
980 2761 1140 2863 ejus
1201 2760 1440 2838 etiam
1504 2756 1834 2838 docebat
1874 2789 1914 2846 :¹
2005 2758 2466 2839 Demadem

176 2890 372 2975 neque
429 2900 595 2952 non
665 2868 1015 2952 didicisse
1072 2893 1375 2950 certum
1441 2868 1531 2951 fit
1556 2926 1577 2954 ‚
1636 2874 1715 2951 &
1773 2866 2141 2952 continua
2171 2887 2174 2892 ’
2202 2869 2480 2980 dicen--¹

167 2973 232 3055 di
266 2987 699 3066 exercitatio
731 2985 1079 3090 potuerit
1133 3001 1441 3086 tantum
1458 3005 1511 3088 ’,ᾗ
1548 2977 2180 3096 quantuscunque
2252 2980 2471 3089 post-⁴

166 3114 238 3167 ea
287 3094 414 3176 fuit
458 3155 482 3189 ‚
559 3095 860 3178 feciss'e.
1022 3102 1232 3175 Nam
1283 3091 1366 3176 id
1425 3089 2050 3203 potentissimum
2108 3089 2465 3176 discendi

166 3226 357 3305 genus
399 3210 524 3291 est.
626 3206 798 3291 Sed
859 3213 941 3291 ὅ(
982 3207 1602 3316 praestantiorem
1629 3262 1671 3318 ,ο
1718 3201 1776 3288 fi
1836 3206 2212 3288 didiciffet
2237 3227 2277 3290 ',
2347 3206 2479 3304 fu-j

172 3334 377 3401 turum
409 3320 624 3403 fuisse
669 3321 942 3403 dicere
993 3322 1198 3422 licet.
1271 3321 1551 3429 Neque
1592 3317 1808 3399 enim
1850 3322 2262 3406 orationes·
2286 3312 2480 3398 seri-'2

173 3422 307 3509 bere
343 3435 441 3516 est
502 3434 743 3517 ausus
769 3492 795 3519 ‚
852 3456 936 3515 ut
989 3437 1172 3532 eujrn
1222 3433 1594 3534 multum*
1625 3429 1934 3516 valuisse
1989 3427 2073 3512 in
2119 3427 2480 3522 dicendo?

175 3533 442 3629 sciamus.
605 3545 1087 3628 Aristoteles
1135 3603 1157 3639 ‚
1214 3568 1327 3650 ut¹
1371 3544 1569 3653 solet
1604 3603 1627 3638 ,
1693 3545 2091 3654 quaerendi
2166 3550 2420 3654 gratia
2442 3565 2474 3666 ,ᾗ

172 3654 455 3752 quadam
529 3659 1001 3742 subtilitatis
1069 3658 1259 3741 suae'
1305 3673 1767 3767 argumenta
1839 3661 2322 3767 excogitavit
2385 3660 2482 3738 in

167 3762 445 3871 Gryllo:
516 3771 664 3856 sed
743 3771 970 3853 idem
1027 3775 1107 3853 &
1165 3771 1264 3853 de
1325 3782 1490 3873 arte
1520 3769 1943 3876 ffrh'etorica
2024 3779 2179 3856 tres
2219 3769 2373 3851 libr
2389 3785 2485 3852 ος

152 3872 427 3987 scripfit,
483 3889 569 3968 &
635 3892 737 3968 in
780 3912 1088 3994 ‚eorum
1135 3890 1407 3994 'primo'
1461 3897 1627 3996 non
1650 3907 1926 3990 ‘artem
1968 3877 2220 3994 solum
2278 3911 2365 3963 ea
2387 3865 2482 3963 tri

145 3985 415 4094 fatetur,
477 3997 625 4084 sed
698 4002 789 4082 ei
840 3997 1306 4107 particulam
1362 3998 1796 4087 civilitati&
1857 3998 2047 4082 ficut
2095 3991 2481 4121 Diale-{timJ

2302 4133 2414 4189 cis
2435 4159 2469 4202 ‚

2307 4559 2406 4672 “l
