3557 5113
786 263 1026 370 222

713 535 847 622 'CA
871 557 932 616 r.
957 539 1039 614 11.

1378 233 1522 340 Μ.
1643 235 2013 336 ΡΑΒῐῐ
2148 236 3132 380 Quive-ramur

1130 525 1365 634 partis
1396 515 1775 630 expositio
1821 516 1931 606 est
1958 577 1979 609 ‚
2025 547 2160 598 eur
2205 549 2293 600 ea
2346 547 2508 601 non
2557 518 2989 602 debeantur.
3098 525 3180 599 Et
3219 516 3354 598 satis

1129 640 1239 719 est
1292 636 1530 715 astori
1553 688 1572 717 ‚
1610 640 1691 712 &
1730 633 1975 736 magis
2012 633 2323 737 expedit
2360 631 2460 712 sle
2491 633 2827 715 indicare
2865 688 2888 726 ‚
2952 642 3116 713 Dico
3149 631 3230 711 ab
3254 644 3355 710 Ha-

1130 753 1323 834 ratio
1332 742 1650 854 sororem
1668 744 1889 851 fitam
1931 746 2395 852 interfibi'am.
2520 753 2884 856 Namque
2937 751 3014 827 ὅ(
3072 741 3359 852 proposi-

1134 870 1350 944 tione
1399 855 1631 963 judex
1678 860 1976 935 crimen
2015 884 2252 935 omne
2287 858 2720 964 cognoscit,
2772 864 2851 941 &
2896 859 3089 939 ordo
3117 863 3186 937 &
3222 882 3360 933 cau-

1128 976 1210 1057 sa
1250 973 1427 1051 facti
1480 997 1627 1075 pro
1679 965 2106 1048 adversario
2158 973 2402 1076 magis
2440 971 2568 1052 est.
2681 975 2895 1052 Reus
2935 991 3190 1052 contra
3217 987 3361 1045 tunc

1129 1086 1659 1167 narrationem
1716 1080 2144 1171 subtrahet,
2209 1108 2389 1159 curn
2447 1080 2527 1161 id
2569 1084 2784 1190 quod
2834 1082 3214 1188 objicitur,
3263 1104 3363 1155 ne

1127 1223 1282 1307 que
1333 1198 1596 1300 negari
1652 1217 1905 1298 neque
1965 1191 2301 1272 excusari
2344 1199 2636 1298 poterit
2661 1251 2683 1286 ,
2739 1194 2870 1276 sed
2922 1199 3000 1273 in
3044 1193 3188 1272 sola
3221 1191 3364 1292 juris

1121 1308 1541 1419 quaestione
1575 1303 1950 1383 confistit:
2043 1326 2127 1385 ut
2165 1304 2264 1400 inl
2304 1329 2405 1383 eo
2439 1310 2573 1415 qui
2607 1331 2788 1391 eum
2824 1305 3213 1415 pecuniam
3249 1299 3368 1407 pri-

1124 1443 1388 1506 vatam
1439 1443 1535 1496 ex
1593 1414 1755 1496 aede
1816 1413 2017 1494 sacra
2085 1414 2568 1522 surripuerit,
2627 1418 2998 1526 sacrilegii
3059 1442 3214 1496 reus
3256 1411 3365 1491 est,

1130 1527 1511 1615 eonfeffio
1566 1524 2077 1608 verecundior
2115 1528 2225 1606 est
2267 1556 2506 1637 quam
2539 1529 2961 1637 expositi0‚
3027 1543 3176 1607 Non
3213 1550 3376 1633 nega·

1133 1674 1292 1727 mus·
1315 1648 1694 1755 pecuniam
1746 1637 1834 1717 de
1872 1641 2123 1750 templo
2167 1637 2284 1745 ‘ff'
2322 1640 2693 1747 stablatam
2714 1698 2735 1726 ,
2799 1648 3261 1723 calumniatur
3296 1660 3375 1713 ta·

1136 1788 1299 1840 men
1355 1750 1705 1858 accust'ttor
1752 1756 2026 1829 amone
2054 1752 2430 1863 sacrilegii
2472 1788 2497 1844 ‚-
2592 1784 2749 1835 cum
2791 1763 3101 1867 privata
3145 1752 3376 1858 fiterit,

1136 1898 1280 1953 non
1307 1866 1529 1973 ficra
1563 1897 1586 1940 .-
1680 1892 1810 1941 vos
1854 1884 2092 1943 autem
2146 1861 2233 1942 de
2270 1861 2396 1945 hoc
2438 1867 2836 1975 cognoscetis
2864 1925 2886 1952 ,
2943 1893 3045 1968 an
3071 1863 3378 1972 fictili-gi·

1141 1979 1377 2089 msst
1430 1969 1816 2081 admifflcm.
1911 1973 2057 2054 Sed
2110 1998 2193 2053 ut
2236 1976 2371 2055 has
2410 1975 2839 2085 aliquando
2875 2005 3043 2059 non
3080 1967 3382 2056 narrandi

1140 2092 1397 2174 causas
1443 2109 1676 2195 puto,
1739 2085 1843 2165 fic
1891 2085 1985 2165 ab
2037 2084 2187 2166 illis
2233 2085 2626 2182 diffent‘io‚
2686 2093 2829 2200 qui
2888 2118 3054 2170 non
3094 2085 3227 2169 esse
3253 2109 3385 2163 nar·

1136 2208 1528 2308 rationem
1560 2197 2038 2287 existiment,
2107 2226 2290 2278 cum
2329 2226 2499 2281 reus
2521 2257 2549 2291 ,
2602 2202 2821 2310 quod
2855 2203 3246 2306 objicitur,
3268 2215 3387 2275 tan·

1139 2335 1316 2412 tum
1380 2332 1634 2421 negat.
1747 2313 1833 2398 in
1884 2334 2036 2419 qua
2093 2311 2204 2390 est
2260 2316 2632 2418 opinione
2673 2313 3094 2394 Cornelius
3141 2305 3390 2393 Celsus,

1135 2432 1275 2538 qui
1377 2422 1847 2510 conditionis
1948 2421 2166 2524 hujus
2282 2420 2428 2503 esst:
2511 2425 2935 2506 arbitratur
3048 2418 3388 2534 plerasque

1136 2537 1367 2625 caedis
1428 2536 1676 2618 causas
1708 2590 1734 2625 ‚
1818 2536 1900 2614 ὅ(
1951 2560 2226 2615 omnes
2267 2532 2599 2617 ambitus
2657 2565 2746 2618 ac
2812 2531 3394 2647 repetundarum.

1136 2659 1333 2749 Non
1386 2654 1604 2731 enim
1656 2665 1880 2754 putat
1913 2642 2057 2725 effe
2087 2649 2615 2731 narrationem
2657 2647 2806 2732 nifi
2845 2678 3028 2761 quae
3070 2649 3397 2729 summam

1140 2766 1488 2846 criminis
1526 2759 1623 2840 de
1672 2784 1838 2868 quo
1891 2756 2268 2861 judicium
2322 2760 2433 2840 est
2452 2816 2476 2851 ,
2547 2766 2954 2843 continet:
3039 2786 3116 2842 at
3167 2750 3396 2838 deinde

1138 2878 1430 2960 fatetur
1474 2871 1635 2978 ipse
1691 2870 1844 2977 pro
1891 2866 2214 2950 Rabirio
2271 2872 2693 2953 Posthumo
2755 2873 3095 2956 narrass‘e
3149 2874 3402 2953 Cicero-

1131 3016 1364 3070 nem:
1425 3006 1660 3093 atque
1704 2979 1841 3060 ille
1895 2984 1976 3062 δι
2021 2982 2337 3089 negavit
2383 2987 2812 3091 pervenisse
2881 2985 2985 3068 ad
3047 2983 3404 3066 Rabirium

1120 3100 1575 3209 pecuniam,
1638 3117 1794 3201 qua
1847 3087 1947 3172 de
1984 3118 2070 3174 re
2115 3117 2282 3177 erat
2334 3095 2652 3204 quaestio
2695 3098 3131 3181 constituta
3151 3130 3177 3193 3
3229 3101 3297 3177 &
3343 3093 3408 3167 in

1111 3216 1263 3295 hae
1313 3212 1754 3291 narratione
1815 3205 2015 3285 nihil
2071 3202 2171 3287 de
2226 3210 2555 3291 crimine
2615 3207 3009 3320 exposuit.
3107 3215 3264 3317 Ego
3311 3228 3412 3282 au·

1110 3348 1326 3414 tem,
1375 3347 1699 3427 magnos
1750 3316 2044 3426 alioqui
2102 3317 2399 3402 secutus
2454 3323 2813 3404 audiores
2840 3381 2863 3410 ,
2933 3323 3124 3404 duas
3175 3318 3310 3403 esse
3355 3320 3414 3392 in

1106 3438 1411 3543 judiciis
1450 3432 1980 3511 narrationum
2017 3428 2307 3540 species
2349 3432 2756 3514 existimo:
2867 3436 3205 3516 alteram
3234 3426 3421 3540 ipsius
3457 3428 3458 3439 '

1101 3546 1385 3647 causae,
1443 3543 1769 3622 alteram
1820 3570 2085 3622 rerum
2128 3541 2225 3623 ad
2278 3545 2533 3627 causas
2585 3553 3176 3654 pertinentium
3220 3566 3421 3649 expo-

1104 3658 1489 3739 fitionem.
1603 3669 1763 3734 Non
1834 3646 2055 3735 occidi
2109 3654 2470 3739 bominem
2495 3716 2517 3750 ‚
2598 3659 2830 3741 nulla
2899 3662 3251 3747 narratio
3287 3654 3422 3736 est:

1103 3772 1522 3850 convenit:
1641 3764 1767 3844 sed
1814 3772 1960 3847 erit
2013 3768 2267 3878 aliqua
2336 3762 2415 3851 sc
2485 3775 2812 3853 interim
2869 3776 3122 3854 etiam
3173 3770 3428 3877 longa,

1102 3881 1380 3963 eontra
1416 3901 1865 3984 argumenta
1908 3885 2070 3979 ejus
2112 3887 2458 3963 criminis
2485 3940 2510 3974 ‚
2573 3876 2672 3964 de
2727 3889 3099 3967 anteasta
3136 3890 3287 3965 vita
3313 3876 3428 3971 ‚de

1110 3993 1342 4101 causis
1393 4014 1719 4101 propter
1772 4017 1961 4098 quas
2021 3996 2399 4078 innocens
2458 4000 2542 4077 in
2606 3999 3074 4105 periculum
3137 3994 3435 4087 deduca-

1496 4135 1504 4142 '
2987 4142 2992 4145 “
3171 4164 3178 4171 .
3299 4129 3431 4188 ms>
