3557 5113
714 227 931 357 758
1167 205 1875 378 ·M·FA'¹³¹¹
1961 204 3163 355 QuiNCTrttANr

635 480 822 557 CM*-
862 478 966 561 Χ·
1062 522 1392 604 rumque
1432 492 1759 576 mutabit
1803 522 1822 569 t
1886 493 1994 570 ita
2032 492 2118 567 in
2162 478 2440 567 eadem
2493 486 2848 566 oratione
2886 484 3133 564 aliter
3170 511 3350 568 con-

1063 606 1354 706 ciliabit
1374 663 1398 691 ,
1454 632 1615 685 non
1653 630 1752 684 ex
1792 601 2061 682 iisdem
2099 598 2498 680 eventibus
2551 599 2750 678 iram
2795 602 2874 677 ὅ(
2911 595 3351 678 misericor-

1054 709 1280 801 diam
1326 738 1533 824 petet
1561 750 1586 794 :
1628 710 1926 795 aliasad
1961 709 2404 792 docendum
2428 764 2452 800 ,
2510 707 2689 789 alias
2720 707 2816 789 ad
2858 707 3356 790 movendum

1067 830 1456 924 adhibebit
1492 849 1711 908 artes.
1797 830 1985 905 Non
2023 849 2218 906 unus
2246 820 2470 901 color
2505 822 2870 925 prooemii
2906 874 2934 910 ,
2974 824 3355 901 narratio-

1067 948 1185 1025 nis
1231 996 1255 1033 ‚
1308 959 1955 1047 argumentorum
1985 982 2018 1028 -‚
2081 930 2568 1040 egressionis,
2612 934 3140 1039 perorationis
3170 988 3196 1023 ,
3219 931 3354 1014 set-

1066 1053 1391 1140 vabitur.
1483 1054 1717 1132 Dicet
1759 1045 1973 1136 idem
2007 1048 2344 1155 graviter
2373 1099 2399 1136 ‚
2436 1044 2694 1125 severe
2713 1098 2739 1129 ,
2778 1046 3098 1134 acriter,
3131 1045 3350 1128 vehe-

1068 1187 1376 1246 menter
1411 1217 1435 1255 ,
1503 1164 1889 1243 concitate
1931 1214 1955 1251 ‚
1997 1156 2302 1265 copiose
2340 1211 2364 1242 ,
2435 1181 2695 1236 amare
2739 1210 2763 1246 ,
2813 1160 3208 1248 comiter,
3244 1183 3351 1237 re-

1066 1276 1284 1358 miffe
1306 1330 1331 1360 ,
1364 1273 1740 1356 subtiliter
1758 1327 1784 1357 ,
1834 1269 2114 1353 blande
2137 1325 2161 1362 ‚
2190 1270 2474 1351 leniter
2508 1323 2533 1359 ‚
2587 1263 2964 1357 dulciter,
2987 1267 3350 1354 breviter.

1071 1389 1359 1468 urbane
1381 1444 1425 1486 ,‚
1447 1414 1609 1467 non
1644 1385 1927 1491 ubique
1963 1380 2190 1464 simul
2222 1436 2246 1467 ,
2308 1378 2438 1482 sed
2471 1378 2754 1487 ubique
2789 1379 3146 1484 partibus
3181 1411 3202 1459 ε
3238 1383 3350 1460 Sic

1070 1498 1213 1580 fiet-
1257 1525 1436 1600 cum
1480 1495 1561 1578 id
1598 1516 1950 1603 ,propter
1986 1492 2204 1602 quod
2241 1494 2582 1596 maxime
2620 1512 2974 1596 repertus
3019 1490 3144 1571 est
3195 1491 3351 1596 usus

1068 1613 1480 1703 orationis,
1505 1631 1589 1691 ut
1625 1607 1831 1688 dicat
1863 1612 1945 1690 &
1984 1605 2326 1695 utiliter,
2350 1609 2432 1687 &
2472 1600 2570 1685 ad
2590 1599 3112 1692 efficiendum
3131 1599 3350 1712 φυᾷ

1066 1719 1400 1803 intendit
1441 1775 1465 1814 ,
1534 1738 1954 1826 potenter:
2021 1736 2195 1798 tum
2236 1714 2553 1797 laudem
2610 1740 2984 1822 quoque,
3003 1740 3158 1795 nec
3213 1711 3356 1796 do-

1067 1834 1376 1930 «storum
1413 1828 1655 1910 modo
1674 1884 1695 1914 ‚
1743 1826 1871 1909 sed
1908 1829 2142 1910 etiam
2196 1825 2415 1934 vulgi
2451 1824 2985 1935 consequetur.
3063 1823 3348 1906 Fanum

1071 1967 1194 2044 tur
1229 1945 1445 2023 enim
1477 1939 1894 2047 plurimum
1935 1994 1962 2025 .
2021 1942 2161 2048 qui
2200 1934 2560 2021 vitiosum
2605 1943 2683 2020 ὅ(
2725 1958 3174 2043 corruptum
3215 1935 3334 2017 di-

1067 2050 1293 2137 cendi
1333 2078 1575 2158 genus
1592 2108 1614 2142 ,
1636 2049 1853 2159 quod
1894 2073 2028 2133 aut
2050 2049 2466 2134 verborum
2497 2049 2813 2130 licentia
2833 2049 3141 2130 resultat
3158 2106 3184 2135 ‚
3215 2070 3340 2130 am

1068 2164 1486 2272 puerilibus
1528 2161 1999 2244 sententiolis
2031 2160 2320 2245 lascivit
2341 2214 2364 2246 .
2404 2181 2535 2242 aut
2574 2162 3016 2243 immodico
3048 2185 3354 2246 tmnore

1070 2274 1432 2383 turgescit
1463 2329 1490 2367 ‚
1552 2297 1683 2374 aut
1716 2274 2065 2355 inanibus
2107 2271 2300 2354 locis
2343 2269 2759 2354 bacchatur
2789 2330 2814 2358 .
2865 2295 3004 2355 aut
3057 2273 3351 2376 oesuris,

1070 2387 1130 2468 st
1152 2389 1443 2485 ‚leviter
1480 2389 2004 2486 excutiantur.
2040 2383 2374 2484 flosculis
2399 2387 2606 2468 *nitet
2658 2439 2685 2475 ‚
2757 2408 2894 2468 aut
2938 2390 3352 2493 praecipitia

1069 2527 1219 2608 pro
1253 2498 1698 2581 sublimibus
1736 2497 1967 2579 habet
2020 2550 2047 2589 ,
2142 2519 2274 2579 aut
2324 2493 2574 2603 specie
2623 2495 2994 2579 libertatis
3037 2499 3358 2593 insanit.

1072 2615 1320 2718 magis
1386 2611 1828 2691 existimant
1879 2606 2256 2716 populare
2315 2629 2546 2718 atque
2591 2607 3012 2716 plausibile.
3125 2608 3404 2710 Quod‘

1074 2721 1391 2826 quidem
1425 2720 1730 2824 placere
1769 2719 2037 2800 multis
2079 2745 2226 2801 nec
2263 2718 2575 2801 inficior
2601 2775 2626 2807 .
2683 2748 2835 2805 nec
2886 2725 3174 2815 miror,
3242 2721 3359 2815 Est

1074 2832 1287 2911 enim
1328 2828 1953 2936 jucundivoper-is
2007 2857 2097 2911 ac
2137 2830 2661 2935 favorabilis·
2729 2870 2753 2898 ν.
2807 2837 2822 2849 ’
2873 2873 2993 2904 m
3034 2869 3111 2912 ew
3166 2873 3279 2938 223„
3323 2830 3328 2833 ’

2883 2973 3058 3030 vox
3101 2989 3122 3018 ι
3142 3009 3145 3016 .
3164 2971 3199 3020 32
3240 2979 3295 3016 1³.-

1079 2945 1418 3048 quentia,
1440 2945 1522 3022 &
1541 2940 1754 3022 ducit
1774 2969 2078 3043 ammos
2109 2942 2440 3039 naturali
2468 2944 2867 3052 voluptate

1068 3080 1324 3161 neque
1379 3051 1685 3134 aliunde
1732 3053 1867 3134 illi
1916 3081 2057 3160 per
2119 3055 2289 3137 fora
2325 3076 2570 3163 atque.
2612 3082 2984 3164 aggerem
3033 3062 3358 3155 circum
3491 3048 3492 3099 ῐ

1073 3191 1238 3271 quo
1288 3167 1548 3246 minus
1589 3168 1880 3251 mirum
1915 3166 2026 3246 est
2058 3165 2275 3274 quod
2323 3162 2522 3247 nulli
2573 3194 2737 3249 non
2779 3175 3198 3277 agentium
3239 3202 3366 3281 pa-

1071 3297 1236 3356 rata
1275 3276 1485 3381 vulgi
1523 3303 1815 3371 corona
1854 3275 1984 3357 est.
2094 3278 2243 3373 Ubi
2298 3303 2490 3360 vero
2524 3279 2718 3388 qui-d
2764 3281 3223 3390 exquisitim
3259 3284 3368 3367 di—

1071 3387 1286 3467 stum
1313 3383 1595 3489 accidit
1648 3388 1952 3492 auribus
2001 3390 2564 3496 imperitorum
2581 3446 2607 3484 ‚
2661 3391 3224 3505 qualecunque
3267 3396 3366 3482 id.

1070 3497 1285 3606 quod
1328 3497 1577 3580 modo
1612 3496 1688 3578 se
1725 3498 1866 3604 ipfi
1895 3498 2105 3606 posse
2142 3499 2543 3607 desperent
2561 3557 2585 3587 .
2622 3502 2862 3588 habet
2901 3505 3374 3595 admiratio.-

1069 3632 1256 3690 nem
1271 3645 1297 3701 ,-
1338 3636 1588 3710 neque
1641 3611 2087 3693 immerito:
2144 3637 2335 3694 nam
2371 3641 2471 3694 nc
2513 3611 2719 3695 illud
2765 3616 3092 3727 quidem
3139 3622 3370 3704 facsse

1067 3719 1197 3803 cst.
1286 3721 1435 3817 Sed
1467 3720 1927 3821 evanescunt
1971 3722 2136 3805 haec
2164 3744 2394 3833 atque
2423 3729 2911 3812 emoriuntur
2949 3758 3369 3841 compara-

1048 3834 1287 3932 tione
1317 3832 1741 3937 meliorum
1794 3866 1822 3911 s
1883 3854 1968 3913 ut
2001 3833 2176 3917 lana
2222 3838 2467 3919 tinCta
2507 3838 2691 3920 fuco
2752 3844 2943 3923 citra
2981 3871 3360 3953 purpuras

1070 3941 1325 4058 placet
1352 3962 1509 4043 sat
1531 3940 1593 4027 fi
1623 3943 2041 4037 contuleris
2072 3950 2353 4062 ctiam!
2385 3949 3340 4079 lacemaemnspeaumq-
