3557 5113
367 235 623 405 De
651 225 1101 443 Instit.
1134 228 1869 412 omma,
1906 219 2212 391 Lib.
2229 223 2480 386 XI.
2660 213 2913 382 σεε»

263 567 456 632 mus
500 545 905 629 ostendisse
948 544 1233 628 dicitur
1261 541 1706 626 *Simonides
1729 578 1756 636 .,·
1783 530 1994 650 cujus
2015 544 2326 654 vulgata
2362 545 2571 632 fabu-
2598 521 2790 637 CA).⁸
2813 527 2897 633 Π.

271 663 352 745 la
396 661 558 744 est:
603 666 808 743 Cum
853 660 1100 768 pugili
1147 678 1529 739 coronato
1567 684 1891 738 carmen
1928 661 2157 768 quale
2195 663 2574 768 componi

270 775 696 861 victoribus
728 773 949 863 solet,
995 770 1360 853 mercede
1398 770 1616 877 pacta
1649 769 2070 878 scripfiss'et,
2109 772 2483 880 abnegata
2504 780 2582 857 ei

274 890 624 998 pecuniae
649 913 827 996 pars
881 883 993 966 est
1036 939 1061 977 ,
1104 881 1323 993 quod
1363 909 1591 964 more
1646 886 1898 991 poetis
1936 883 2584 993 —frequentiffimo

273 999 685 1109 digressus,
744 996 1134 1078 inlaudes
1177 995 1512 1077 Castoris
1550 999 1628 1076 δε
1668 995 1995 1078 Pollucis
2027 1000 2357 1078 exieratt
2398 1022 2579 1105 qua·

199 1205 206 1209 ‚
271 1132 954 1309 propteraepartem
1030 1109 1127 1190 ab
1189 1112 1284 1189 iis
1347 1129 1660 1215 petere,
1721 1134 2063 1216 quorum
2137 1109 2332 1189 fasta
2392 1109 2594 1190 cele-

332 1226 579 1316 rasser‚
626 1224 1053 1329 jubebatur.
1141 1225 1222 1305 ὅ(
1263 1219 1797 1328 persolverunt
1831 1275 1865 1311 2
1906 1243 1992 1300 ut
2042 1219 2417 1318 traditum
2451 1222 2586 1303 est.

270 1344 506 1421 Nam·
531 1364 714 1418 cum
759 1332 942 1415 ess'et
999 1332 1291 1441 grande
1329 1334 1800 1418 convivium
1835 1334 1920 1412 in
1960 1333 2351 1413 honorem
2398 1332 2588 1435 ejusl-

267 1447 464 1532 dem
504 1451 846 1533 vistoriae
908 1502 933 1538 ,
1002 1469 1235 1553 atque
1277 1443 1660 1526 adhibitus
1690 1444 1765 1524 ei
1815 1469 2055 1525 coenae
2101 1443 2587 1536 Simonides,

263 1564 563 1655 nuncio
597 1560 710 1642 est
747 1565 1042 1641 excitus
1073 1615 1095 1650 ,
1182 1554 1396 1666 quod
1426 1583 1608 1639 eum
1647 1555 1809 1637 duo
1846 1561 2158 1659 juvenes
2204 1557 2417 1662 equis
2451 1555 2587 1637 ad-

275 1677 505 1761 vesti·
530 1673 958 1754 defiderare
988 1673 1385 1772 majorem
1426 1675 1507 1750 in
1537 1666 1880 1751 modum
1932 1667 2406 1749 dicebantur.
2490 1673 2590 1749 Et

271 1788 448 1870 illos
480 1783 800 1896 quidem
839 1812 1003 1890 nqn
1036 1788 1335 1868 invenit
1356 1837 1377 1867 .
1403 1781 1614 1863 fuisse
1655 1801 1922 1860 tamen
1943 1802 2219 1887 gratos.
2246 1805 2429 1886 erga
2464 1778 2572 1858 se-

271 1900 352 1983 st
391 1899 579 1981 deos
614 1902 833 1979 exitu
874 1901 1283 2002 comperit.
1345 1901 1557 1976 Nam
1610 1894 1740 1978 vix
1796 1919 1895 1973 eo
1947 1895 2197 1972 limen
2262 1890 2586 1998 egresso,

276 2015 715 2095 triclinium
754 2008 953 2093 111ud
991 2007 1213 2116 supra
1250 2010 1618 2091 convivas
1662 2007 1983 2097 corruit,
2006 2026 2234 2113 atque
2269 2006 2375 2108 ita
2397 2029 2588 2102 con-

263 2125 474 2210 tudit
498 2180 523 2218 ,
551 2147 636 2207 ut
671 2149 838 2205 non
874 2149 1014 2204 ora
1057 2116 1308 2201 modo
1381 2114 1931 2227 ‘oppress'orum
1973 2171 1997 2208 ,
2042 2114 2173 2196 sed
2219 2111 2582 2195 membra
2716 2144 2735 2155 ‘

264 2242 521 2323 etiam
578 2242 847 2319 omnia
906 2237 1382 2342 requirentes
1429 2230 1528 2312 ad
1586 2228 2051 2334 sepulturam
2104 2224 2573 2333 propinqui,

267 2352 492 2435 nulla
524 2373 713 2433 nota
750 2346 1045 2458 possent
1064 2339 1513 2427 discernere.
1552 2341 1765 2422 Tum
1798 2336 2232 2421 Simonides
2270 2336 2578 2427 dicitur,

270 2486 599 2548 memor
639 2462 931 2544 ordinis
980 2485 1143 2570 quo
1163 2455 1485 2567 quisque
1536 2452 2048 2541 discubuerat,
2082 2472 2415 2558 corpora
2432 2446 2579 2528 suis

266 2576 708 2661 reddidisse.
785 2574 912 2655 Est
948 2595 1213 2653 autem
1267 2592 1549 2676 magna
1585 2568 1792 2647 inter
1823 2565 2168 2645 austeres
2200 2559 2575 2651 diss'enfio‚

258 2690 686 2774 Glaucone
727 2684 1104 2795 Carystio,
1133 2710 1233 2764 an
1267 2681 1632 2762 Leocrati
1667 2733 1692 2769 ‚
1735 2697 1836 2757 an
1879 2672 2384 2784 Agatharcho
2418 2727 2443 2763 ,
2477 2698 2580 2753 an

263 2812 546 2911 Scopae
573 2802 944 2910 scriptum
986 2797 1076 2879 fit
1119 2794 1200 2876 id
1244 2820 1563 2876 carmen
1551 2822 1624 2917 (ι
1689 2793 1769 2874 δε
1810 2786 2137 2885 Pharsali
2162 2786 2392 2867 fuerit
2410 2784 2579 2865 haec

264 2917 564 2999 domus
623 2968 646 3008 ‚
702 2935 786 2995 ut
840 2909 997 3019 ipsc
1043 2906 1391 3018 quodam
1431 2905 1613 2986 loco
1669 2899 2094 3008 significare
2146 2894 2581 2979 Simonides

263 3026 589 3115 videtur
618 3082 642 3121 ‚
685 3048 917 3136 atque
960 3016 1517 3127 ApollodoruS,
1556 3021 1635 3096 ὅ(
1683 2995 2216 3107 Eratosthenes
2249 3064 2271 3094 ‚
2312 3014 2394 3090 8(
2431 3012 2598 3086 Eua

262 3143 648 3254 phorion‚
688 3143 767 3222 &
809 3131 1185 3216 Lariffeus
1231 3127 1662 3236 Eurypylus
1703 3121 2225 3205 tradiderunt:
2254 3147 2352 3199 an
2387 3123 2574 3219 Cra·
2698 3154 2701 3155 ⁷

264 3281 532 3339 none,
575 3273 661 3334 ut
700 3245 1018 3358 Apollas
1054 3234 1572 3326 Callimach'us
1608 3293 1632 3330 ‚
1676 3263 1917 3349 quem
1959 3233 2250 3314 secutus
2297 3232 2582 3313 Cicero

268 3371 487 3452 hanc
520 3364 810 3446 famam
842 3361 1066 3441 latius
1086 3354 1308 3437 fudit.
1381 3358 1711 3459 Scopam
1746 3345 2097 3428 nobilem
2138 3341 2583 3425 Thessalum

276 3475 700 3589 periissein
733 3502 832 3556 eo
872 3472 1240 3553 convivio
1279 3464 1600 3548 constat.
1644 3460 1997 3564 adjicitur
2039 3457 2320 3538 sororis
2353 3453 2581 3536 filius.

282 3611 568 3701 putant
599 3595 677 3673 &
712 3607 929 3669 ortos
973 3579 1377 3690 plerosque
1408 3578 1499 3659 ab
1534 3578 1689 3657 alio
1731 3580 1979 3678 Scopa
2042 3625 2067 3662 ‚
2150 3572 2286 3678 qui
2331 3570 2584 3666 major

284 3723 514 3787 aetate
569 3702 824 3783 fuerit.
947 3715 1402 3804 quanquam
1443 3689 1643 3768 mihi
1675 3708 1935 3767 totum
1979 3682 2077 3763 de
2116 3679 2585 3790 Tyndaridis

272 3813 724 3902 fabulosum
759 3806 1068 3896 videtur
1106 3839 1123 3887 ε
1165 3830 1415 3913 neque
1453 3804 1790 3882 omnino
1823 3798 2048 3900 h'ujus
2072 3798 2193 3896 rei,
2221 3795 2583 3892 meminit

265 3928 614 4039 usquam
676 3944 911 4034 poeta
950 3918 1105 4028 ipse
1146 3953 1168 4010 ς
1233 3915 1588 4025 profe&o
1631 3939 1795 3993 non
1834 3914 2197 3991 taciturus
2237 3905 2335 3987 de
2373 3925 2585 4008 tanta

255 4047 400 4133 sua
420 4039 697 4153 gloria.
751 4041 866 4119 Ex
895 4033 1048 4115 hoc
1081 4026 1515 4121 Simonides
1555 4023 1761 4105 faeie
1799 4026 2124 4115 notavit,
2140 4041 2225 4101 ut
2247 4014 2585 4122 videtur,

1414 4142 1652 4219 Oooo
1707 4161 1750 4215 ι
2371 4129 2583 4233 juva·
