3557 5113
304 248 513 414 De
546 243 984 453 Irffiit.
1028 248 1757 433 Orator-ia,
1784 242 2292 442 ΜΒΝ.
2496 270 2730 405 295

213 597 318 653 em
329 576 474 680 arsia
501 576 908 666 commilitio
959 572 1415 681 qhffllorum
1434 630 1457 667 ‚
1497 574 1799 657 donavit
1829 577 1950 659 bis
1988 585 2194 659 ultro.
2220 580 2406 690 Just-‘-
2419 597 2489 674 C
2502 610 2611 669 n.
2654 582 2763 669 Χ.
2796 566 2815 619 ³

211 714 269 763 ea
287 687 530 791 rstituti
559 717 610 770 a
647 678 1010 795 Cafflndro
1028 684 1356 768 'Thebani
1393 688 1744 800 reposc'imt
1783 690 2133 799 Thfflos.
2160 690 2399 799 Apud
2517 706 2523 712 “
2937 684 2943 691 ’

206 800 731 908 Amphistyonas
783 802 1048 905 agitur.
1150 806 1488 881 Centum
1539 801 1823 883 talenta
1870 810 1950 885 δε
2003 803 2397 884 credidisse

206 913 612 1003 eosconstat,
675 917 755 992 &
789 939 949 990 non
987 907 1363 1019 recepisse.
1455 914 1589 992 Lis
1625 918 1882 994 omnis
1916 943 2013 995 ex
2051 944 2156 994 eo·
2189 912 2409 1021 quod

201 1019 555 1103 Alexander
589 1053 677 1104 ea
711 1016 1075 1103 Thessalis
1114 1023 1421 1105 donass'e
1464 1023 1785 1116 dicitur,
1822 1026 2136 1133 pendet.
2204 1032 2412 1106 Con-

201 1129 488 1216 statiflud
525 1162 872 1245 quoque,
939 1164 1101 1215 non
1145 1135 1287 1216 effe
1342 1137 1459 1216 his
1511 1136 1605 1215 ab
1667 1138 2114 1218 Alexandro
2171 1150 2411 1242 pecu}

198 1245 345 1325 niam
378 1245 641 1329 datam.
707 1253 1073 1356 quaeritur
1107 1276 1341 1357 ergo,
1408 1275 1506 1326 an
1538 1238 1863 1356 perinde
1907 1249 1996 1329 fit
2023 1248 2237 1357 quod
2274 1249 2405 1351 da-

197 1375 315 1434 tum
360 1357 496 1450 est,
558 1388 644 1441 ac
700 1357 758 1439 fi
810 1356 1222 1466 pecuniam
1277 1358 1599 1440 dederit.
1710 1359 1923 1459 Quid
1974 1358 2405 1468 proderunt

194 1492 751 1572 argumentorum
803 1471 959 1550 loci
996 1528 1019 1562 ,
1105 1470 1244 1553 nisi
1295 1470 1457 1552 haec
1529 1473 1746 1579 prius
1795 1471 2069 1553 videro
2111 1526 2137 1563 ,
2209 1471 2407 1550 nihil

189 1602 317 1657 eum
356 1583 559 1690 egisse
606 1578 1008 1674 donando,
1050 1576 1212 1663 non
1265 1584 1589 1689 potuisse
1646 1582 1981 1672 donare,
2038 1610 2198 1662 non
2264 1581 2407 1661 do-
2500 1673 2505 1683 Ι

186 1688 366 1773 naffe?
426 1700 515 1774 Et
546 1699 804 1803 prima
840 1693 1165 1803 quidem
1220 1695 1419 1775 aetio
1466 1695 1708 1775 facilis
1759 1722 1848 1775 ac
1908 1693 2343 1777 favorabilis
2377 1747 2403 1785 ,

184 1810 625 1908 repetentium
668 1810 834 1912 jure
884 1805 1100 1916 quod
1136 1810 1214 1889 vi
1254 1805 1345 1886 fit
1380 1806 1764 1889 ablatum:
1821 1805 1948 1887 sed
1978 1806 2162 1885 hinc
2196 1798 2404 1911 aspe'-

179 1936 237 1988 ra
267 1919 329 1994 &
352 1919 752 2000 vehemens
799 1918 1122 2027 quaestio
1156 1914 1506 1998 exoritur
1538 1917 1635 1999 de
1668 1921 1835 2020 jure
1876 1918 2103 2002 belli,
2144 1915 2403 1996 dicen'-

180 2023 325 2105 tibus
353 2029 730 2122 Thessalis‚
768 2031 924 2110 hoc
964 2057 1240 2136 regna,
1260 2031 1591 2137 populos
1615 2088 1635 2113 ‚
1675 2029 1865 2110 fines
1905 2030 2255 2137 gentium
2296 2050 2403 2109 at·

173 2160 284 2240 que
315 2141 597 2223 urbium
651 2144 1062 2225 contineri.
1149 2139 1711 2238 Inveniendum
1744 2165 2019 2221 contra
2054 2141 2199 2223 est,
2234 2142 2397 2248 qui)

175 2243 345 2329 distet
373 2252 522 2335 haec
565 2254 784 2335 causa
820 2283 863 2334 a
897 2255 1190 2334 caeteris
1231 2280 1404 2360 quae·
1443 2256 1524 2332 in
1576 2253 2041 2360 potestatem-
2086 2253 2399 2350 vifiorijs

171 2365 496 2444 venirent:
556 2394 710 2447 nec
746 2370 944 2446 cirea
981 2364 1531 2473 probationem
1568 2394 1686 2446 res
1724 2366 1959 2444 haeret
1984 2419 2007 2454 ‚
2049 2363 2172 2442 sed
2195 2366 2394 2443 circa

168 2474 733 2579 propofitionem.
765 2480 1140 2558 Dicamus
1172 2478 1583 2584 imprimiS,
1609 2481 1694 2558 in
1729 2474 2058 2585 eoquod
2082 2478 2163 2556 in
2196 2460 2393 2583 judi-{-

167 2582 320 2665 cium
337 2588 593 2673 deduci
622 2589 908 2697 potest,
931 2589 1127 2668 nihil
1146 2589 1397 2668 valere
1418 2592 1533 2690 jus
1555 2588 1736 2670 belli
1756 2622 1776 2667 ;
1811 2618 1957 2669 nec
1976 2591 2207 2670 armis
2223 2595 2389 2686 ere÷

162 2700 413 2794 pta‚nifi
444 2706 679 2783 armis
700 2698 908 2808 poste
938 2703 1271 2798 retineri.
1311 2702 1501 2811 ltaq;
1522 2703 1654 2783 ubi
1681 2700 1818 2780 illa
1848 2701 2153 2781 valeant
2176 2754 2200 2789 ,
2222 2717 2387 2779 non‘

166 2803 273 2882 effe
301 2813 658 2908 judicem:
721 2813 852 2892 ubi
880 2809 1116 2914 judex
1144 2809 1278 2897 fit,
1319 2810 1678 2892 illa-nihil
1719 2811 1997 2896 valere.
2054 2817 2233 2892 Hoc
2273 2799 2389 2908 in}

160 2921 555 3006 veniendum
602 2922 868 3028 estfut
896 2922 1242 3003 adhiberi
1276 2920 1508 3029 possit
1545 2946 2109 3031 argumentum.
2203 2921 2388 3015 Ideo

160 3035 476 3133 captivos,
526 3036 713 3118 fi‘in
756 3037 1086 3142 patriam
1129 3032 1342 3115 suam
1388 3035 1805 3126 redierint,
1846 3036 2150 3117 ‘liberos
2193 3032 2385 3127 esse,

156 3146 286 3241 quia
315 3145 508 3231 bello
536 3170 763 3256 parta
788 3203 810 3237 ,
851 3173 1010 3227 non
1051 3144 1189 3225 nifi
1222 3144 1499 3224 eadem
1535 3152 1615 3229 vi
1648 3133 2393 3253 poffideantur.Pro’-

155 3254 353 3350 prium
388 3262 490 3342 est
534 3267 616 3343 &
673 3257 868 3338 illud
909 3257 1142 3337 causa:
1183 3313 1208 3347 ,
1263 3257 1479 3362 quod
1534 3258 2151 3364 Amphistyones
2197 3251 2396 3358 judiss-

156 3385 317 3445 Cant:
371 3395 448 3454 ut
487 3373 639 3454 alia
684 3368 889 3475 apud
939 3371 1507 3452 centumviros,
1545 3369 1709 3448 >alia
1749 3369 2421 3476 apudprivatum'

157 3471 419 3568 judicem
481 3490 565 3566 in
638 3481 907 3566 iisdem
972 3480 1519 3589 quaestionibus
1560 3485 1762 3561 ratio
1834 3481 1949 3562 fit.
2042 3479 2396 3575 Secundo

155 3585 347 3686 gradu
374 3624 518 3678 non
564 3592 900 3703 potuisse
942 3592 1215 3675 donari
1252 3622 1294 3673 a
1332 3594 1624 3673 vistore
1667 3597 1827 3696 jus,
1898 3594 2077 3702 quia
2136 3591 2219 3672 id
2259 3591 2394 3686 de-

156 3719 330 3778 mum
358 3706 433 3788 fit
483 3714 706 3813 ejus,
760 3703 973 3814 quod
1013 3705 1169 3811 ipse
1224 3727 1529 3785 teneat:
1622 3708 1798 3808 jus,
1854 3704 2072 3815 quo‘d
2123 3703 2216 3784 fit
2276 3708 2396 3818 in-

151 3820 522 3916 corporale,
589 3815 1075 3925 apprehendi
1115 3844 1352 3897 manu
1411 3846 1574 3900 non
1614 3816 1843 3925 poffe.
1925 3823 2120 3897 Hoc
2174 3844 2396 3923 repe-

139 3920 260 4040 fire
303 3926 727 4020 difficilius,
788 3957 1024 4038 quam
1060 3957 1237 4008 cum
1279 3933 1705 4022 inveneris,
1772 3932 2243 4036 argumentis
2276 3911 2399 4008 ad·

131 4057 387 4131 Juvare:
474 4071 567 4129 ut
638 4041 791 4142 alia
859 4037 954 4120 fit
1002 4040 1352 4122 conditio
1397 4041 1719 4123 haere‘dis
1760 4097 1786 4134 ‚
1837 4041 1983 4121 alia
2040 4042 2396 4160 vidiorie:

2219 4173 2403 4257 qma
