3557 5113
1063 304 1274 366 tionem
1297 339 1314 365 .
1350 297 1407 356 δι
1440 288 1625 354 iil'umi
1665 299 1760 350 aut
1802 282 2080 348 malorum
2106 277 2463 343 evitationem
2489 319 2508 350 ,
2547 276 2924 341 liberationem
2960 322 2979 351 ,
3022 280 3359 346 imminutio&

1063 401 1234 446 nem,
1276 368 1700 435 conversionem.
1781 372 1848 425 Et
1885 385 1950 426 eit
1984 361 2179 440 quibus
2218 380 2379 434 prava
2412 361 2551 420 faeta
2602 364 2828 421 veniunt
2879 400 2898 431 ,
2934 362 3108 442 qualis
3139 358 3210 421 est
3245 365 3314 421 ira
3338 404 3358 431 ‚

1062 461 1298 520 odium,
1338 451 1573 515 invidia.
1622 441 2107 525 eupiditasffspes,
2151 440 2435 503 ambitui.
2474 438 2734 508 audacia,
2772 455 2961 500 metus.
3040 449 3106 499 Et
3128 440 3363 511 fortuita,

1058 553 1122 596 ut
1145 534 1366 594 ebrietas
1401 571 1418 598 ‚
1453 528 1757 610 ignorantia
1783 541 1801 597 3
1841 542 1963 601 φιτ
1986 517 2287 598 aliquando
2312 516 2383 578 ad
2407 520 2624 580 veniam
2658 557 2674 582 .
2713 519 3015 655 ειΙίᾎιιαιιάο
3038 518 3107 578 ad
3132 522 3365 605 criminis

1058 609 1452 691 probationem
1473 604 1702 669 valeant.
1788 605 1934 661 Item
1960 619 1991 658 a
2023 599 2185 664 loco.
2210 599 2322 676 vqui
2345 597 2413 657 ad
2446 616 2644 657 ornnes
2667 615 2774 656 tres
2842 614 2964 657 atus
2988 602 3267 675 pertineat.
3302 604 3368 657 Et

1072 710 1108 749 a
1131 705 1378 764 tempore
1402 723 1420 752 ,
1450 701 1692 763 quorum
1716 680 1861 739 aliud
1888 677 2130 761 generale
2148 675 2213 735 fit
2240 718 2255 742 ,
2298 694 2358 734 ut
2384 676 2549 735 olim:
2591 674 2737 734 aliud
2773 676 2993 753 speciale
3017 717 3035 744 ,
3083 696 3145 738 ut
3176 676 3369 744 estate.

1032 808 1039 819 .
1067 767 1290 827 hiemet
1328 784 1454 841 quae
1481 762 1741 833 etiamad
1781 778 1979 820 omnes
2004 756 2169 815 status
2191 757 2307 815 vim
2330 754 2595 814 adferant.
2670 762 2718 813 A
2751 755 2870 813 casu
2903 790 2923 821 ‚
2962 776 2992 814 a
3016 754 3369 821 facultatibus,

1034 886 1039 901 ³
1068 865 1199 922 φιτ.
1221 845 1278 900 iii
1300 841 1622 911 coniecturis
1645 841 1890 897 maxime
1915 834 2019 894 (int
2044 833 2332 899 intuendae.
2414 834 2499 892 Ab
2548 833 2941 900 instrumento,
2979 841 3034 893 δε
3060 836 3234 895 niodo
3266 866 3282 907 3
3319 834 3371 893 id

1028 968 1039 980 .
1066 923 1185 987 esti,
1228 940 1295 979 ut
1315 929 1552 996 quicque
1594 914 1658 973 sit
1687 921 1895 977 astum.
1974 923 2014 992 3
2055 913 2276 973 Deinde
2296 933 2472 972 rerum
2501 914 2652 971 locos
2672 915 2939 984 recenset}
2979 920 3034 972 ὗε
3064 911 3375 973 finitionem

1034 1002 1346 1079 primum,
1397 1000 1485 1054 cui
1519 1015 1729 1075 genus,
1767 994 2029 1073 speciem,
2063 994 2349 1070 proprium
2376 997 2433 1050 &t
2476 989 2731 1050 differens
2758 992 3000 1062 subjicit3
3035 992 3377 1070 ostenditque

1032 1126 1047 1136 ,
1071 1098 1202 1140 eam
1233 1076 1351 1135 fieri
1380 1077 1433 1133 vi
1467 1076 1556 1133 sua
1588 1114 1605 1138 ‚
1634 1074 1976 1151 etymologia
2002 1090 2228 1148 quoque
2259 1109 2277 1134 .
2320 1076 2375 1128 δε
2417 1072 2653 1150 partium
2688 1077 3117 1132 enumeratione.
3198 1081 3265 1129 Et
3288 1091 3379 1151 ge-

1072 1163 1179 1218 rius
1202 1155 1283 1214 ad·
1294 1154 1636 1232 probandam
1659 1153 1885 1230 speciem
1912 1150 2047 1207 nibil
2064 1148 2253 1208 habete
2276 1150 2476 1209 virium
2495 1187 2514 1215 ,
2554 1168 2744 1208 verum
2767 1149 2833 1208 ad
2862 1148 3207 1210 refellendam
3230 1153 3377 1217 satist

1040 1276 1045 1281 -
1118 1236 1208 1294 uia
1231 1252 1348 1291 non
1373 1232 1650 1311 sequatur,
1695 1227 1732 1288 ti
1760 1229 1919 1289 arbor
1941 1226 2012 1287 fit
2047 1269 2064 1294 ,
2101 1229 2383 1307 platanum
2418 1224 2560 1297 cffe3
2600 1227 2682 1285 sed
2711 1244 2896 1287 contra
2920 1270 2939 1296 ‚
2969 1232 3098 1303 quia
3137 1230 3382 1309 platanus

1045 1257 1179 1377 gt.
1216 1311 1489 1371 arborem.
1564 1309 2088 1388 Inspeciecontraria
2109 1310 2319 1366 omnia.
2407 1308 2696 1385 Proprium
2727 1304 2921 1368 definit
2944 1303 3074 1373 eise,
3115 1308 3382 1386 quodsoli

1079 1390 1287 1452 accidat
1334 1431 1348 1454 ,
1391 1406 1451 1447 ut
1492 1388 1709 1447 homini
1742 1386 1918 1446 sermo
1944 1404 1965 1439 t
2007 1392 2061 1445 ἀ
2134 1385 2246 1442 uod
2282 1388 2448 1443 etiam
2480 1405 2594 1442 non
2635 1385 2777 1449 soli,
2817 1407 2878 1447 ut
2910 1388 3025 1465 igni
3054 1387 3340 1446 calefacere
3366 1427 3382 1451 ,

1036 1504 1043 1515 -
1126 1469 1281 1526 uibus
1303 1470 1482 1527 finitio
1501 1466 1892 1530 constituatur,
1932 1484 2060 1523 cum
2088 1407 2457 1522 afferentibus
2481 1480 2666 1523 contra
2692 1464 2941 1524 solvatur.
2981 1476 2986 1485 “
3025 1472 3064 1541 3
3107 1470 3210 1525 His
3246 1468 3383 1525 divi-

1048 1490 1300 1605 ,Ἆοηοπι
1333 1547 1635 1625 subjungit,
1663 1564 1773 1624 qua
1800 1561 1864 1602 cx
1900 1544 2180 1601 Ciceronis
2212 1544 2473 1601 sententia
2500 1579 2519 1606 .
2585 1543 2828 1612 adjuvari
2858 1540 3170 1604 finitionem
3195 1546 3385 1603 credit:

1024 1630 1027 1631 ⁷
1086 1631 1149 1700 ὃς
1189 1623 1322 1702 quid
1350 1644 1380 1683 a
1418 1627 1710 1701 partitione
1740 1619 1957 1697 differat
1983 1660 2003 1691 ,
2038 1619 2290 1679 ostendit.
2370 1626 2449 1677 Ex
2490 1619 2758 1681 divisione
2790 1641 3175 1702 argumentum
3209 1643 3275 1680 cx
3309 1644 3389 1681 re-

1068 1700 1338 1763 ‘motione
1356 1704 1641 1778 nasci‚qua
1670 1700 1850 1759 modo
1875 1715 2057 1757 totum
2080 1696 2311 1757 efficitur
2337 1697 2528 1758 falsum
2558 1715 2728 1775 partes
2750 1720 2945 1759 omnes
2968 1701 3242 1780 negando,
3262 1721 3387 1760 mo·

1086 1781 1166 1839 do
1192 1799 1365 1838 unum
1402 1799 1590 1842 verum
1623 1814 1642 1841 2
1688 1778 1879 1837 omnia
1917 1791 2102 1853 preter
2127 1796 2301 1834 unum
2337 1776 2632 1855 negando:
2668 1797 2781 1855 quo
2813 1778 3128 1838 dilemmata
3162 1800 3393 1858 quoque

1090 1857 1403 1917 referantur.
1492 1860 1595 1916 His
1617 1857 1823 1933 reliqua
1852 1856 2037 1926 stibiuii
2084 1858 2157 1927 it,
2198 1852 2266 1911 ab
2299 1857 2460 1913 initio
2483 1854 2550 1913 ad
2583 1857 2852 1915 summam
2877 1897 2895 1924 ‚
2931 1862 2987 1916 δι
3020 1878 3229 1917 eontra.
3307 1859 3391 1916 Ab

1092 1938 1439 1995 incremento
1464 1973 1480 1999 ,
1504 1955 1535 1992 a
1562 1932 1850 1999 firnilibus,
1877 1948 1932 1991 'a
1969 1873 2309 1991 difiimilibus
2328 1974 2344 1996 ‚
2380 1952 2409 1989 a
2435 1936 2717 1991 contrariis
2743 1975 2757 1998 ,
2786 1955 2818 1993 a
2867 1938 3296 2014 repugnantibus
3321 1962 3334 1997 i
3359 1957 3392 1997 a

1086 2012 1583 2091 consequentibus,
1623 2011 1691 2070 ab
1710 2009 1966 2080 adjectis,
2009 2029 2250 2087 quorum
2279 2010 2464 2069 multe
2501 2008 2604 2070 fine
2643 2012 2846 2087 species.
2927 2020 3002 2071 Ex
3036 2017 3096 2073 iis
3131 2036 3259 2093 qiiae
3303 2014 3394 2074 {ub

1088 2091 1323 2154 candem
1363 2093 1633 2149 tationem
1663 2087 1881 2154 cadunt.
1957 2088 2044 2149 Ab
2074 2086 2431 2148 efficientibus
2463 2096 2526 2148 ῦς
2562 2088 2766 2149 effectis
2797 2130 2813 2159 ,
2848 2088 2956 2151 five
2985 2112 3016 2150 a
3056 2092 3227 2151 caulis
3254 2101 3309 2153 δι
3341 2115 3398 2153 e.

1089 2169 1301 2238 ventis3
1336 2190 1374 2227 a
1395 2172 1729 2247 conjugati&
1765 2188 1830 2227 ex
1858 2164 2118 2245 appositis
2147 2171 2237 2232 seu
2260 2170 2618 2245 comparatis,
2664 2185 2721 2225 ut
2745 2173 2936 2240 maiori
2963 2212 2981 2237 ‚
3027 2174 3273 2239 minori,
3307 2193 3396 2249 prt-

1088 2250 1138 2307 ri
1160 2273 1176 2305 ε
1217 2265 1249 2307 a
1288 2246 1483 2325 quibus
1512 2247 1758 2326 exempla
1778 2252 1892 2308 vini
1927 2244 2326 2304 suamtrahaiit.
2408 2250 2577 2310 Item,
2618 2266 2648 2304 a
2675 2244 3395 2326 fistione,quotieseonfcisa

1086 2325 1306 2392 desunt,
1381 2324 1668 2385 Postremo
1704 2344 1738 2384 a
1778 2321 2173 2383 circumstantia
2198 2363 2215 2389 ,
2252 2343 2317 2382 cx
2346 2322 2462 2399 ipso
2486 2323 2761 2383 causarum
2780 2329 3068 2404 complexu
3093 2369 3109 2395 ,
3149 2349 3279 2408 φιτ
3309 2350 3399 2387 cu-

1052 2446 1055 2451 >
1090 2407 1285 2482 jusque
1309 2403 1474 2463 causa
1507 2405 1736 2484 propriae
1782 2443 1802 2473 ,
1841 2408 1897 2463 δι
1924 2422 2050 2462 cum
2089 2402 2238 2461 nulla
2270 2402 2373 2460 alia
2398 2404 2719 2462 communia
2741 2438 2758 2466 2
2805 2426 2925 2484 qua:
2965 2410 3266 2484 quomodo
3285 2410 3400 2468 elici

1087 2502 1160 2542 cx
1182 2479 1351 2541 caulis
1376 2481 1607 2542 debeant
1631 2524 1648 2547 ,
1687 2482 1941 2560 exemplo
1968 2479 2243 2539 luculento
2265 2480 2332 2539 de
2354 2479 2620 2539 Thessalis
2652 2488 2710 2541 δι
2740 2483 3020 2543 Thebanis
3049 2486 3292 2560 iubjecto
3314 2487 3406 2546 de.

1093 2559 1377 2621 monstrat.
1422 2561 1578 2621 unde
1603 2561 1851 2619 locorum
1877 2559 2251 2638 cognitionem
2276 2560 2580 2639 generalem
2602 2569 2658 2618 ὅ(
2682 2582 3070 2641 praceptorum
3089 2569 3217 2624 artis
3245 2588 3401 2627 mari-

1092 2658 1220 2697 cam
1241 2635 1343 2696 eisc
1368 2655 1565 2698 monet
1587 2677 1606 2704 ,
1624 2636 1734 2698 ‚nisi
1754 2658 1958 2719 magna
1979 2636 2262 2715 prudentia
2281 2677 2300 2704 ,
2343 2659 2464 2715 φιτ.
2488 2637 2818 2718 {iugulatum
2841 2643 3116 2702 caularum
3141 2642 3250 2701 fint
3278 2665 3404 2723 pro.

1090 2718 1211 2795 pria
1243 2717 1631 2792 cognoscamus
1660 2741 1681 2774 .·
1727 2736 1850 2792 quae
1881 2716 2072 2775 omnia
2101 2732 2161 2771 ut
2188 2736 2303 2775 non
2331 2719 2386 2775 iri
2438 2736 2667 2776 omnem
2699 2722 3009 2781 orationem
3039 2723 3239 2781 cadant
3272 2764 3290 2789 ,
3332 2726 3407 2784 ita

1095 2793 1290 2853 debere
1316 2795 1535 2872 cognita
1559 2799 1616 2852 ἀ
1648 2795 1917 2871 perspecta
1948 2791 2049 2852 effe
2075 2831 2091 2855 ‚
2135 2809 2194 2851 ut
2217 2793 2397 2853 statim
2424 2797 2480 2854 in
2503 2815 2761 2874 promptu
2791 2797 2893 2857 lint
2928 2809 2978 2860 ὰ
3001 2819 3262 2859 occurant
3282 2822 3408 2876 quat

1053 2933 1063 2941 ‚
1096 2879 1161 2932 iu
1182 2891 1463 2953 quamque
1491 2871 1702 2932 eausam
1737 2873 2003 2934 incurrere
2025 2870 2256 2938 debeant
2290 2896 2305 2932 i
2340 2894 2509 2950 quam
2542 2875 2884 2938 velocitatem
2929 2878 3107 2937 studio
3140 2883 3409 2940 exercita-

1093 2968 1217 3010 tam
1245 2951 1325 3014 ita.
1344 2951 1506 3009 nobis
1528 2968 1709 3027 parare
1735 2949 2029 3010 debeamus
2056 2989 2075 3016 ,
2122 2966 2180 3008 ut
2206 2954 2568 3014 intentionem
2601 2953 2841 3014 nostram
2864 2977 2977 3015 non
3014 2976 3183 3035 magis
3207 2953 3413 3016 remo-

1095 3044 1278 3085 rentur
1299 3067 1316 3094 ‚
1358 3047 1527 3105 quam
1563 3028 1847 3090 citharoedi
1891 3049 2120 3088 manum
2161 3030 2425 3093 sonorum
2457 3029 2761 3101 diverfitas,
2797 3053 2889 3096 aut
2917 3035 3262 3097 scribentium
3279 3038 3414 3098 arti-

1050 3159 1065 3166 ,
1096 3105 1251 3180 §ulos
1273 3104 1433 3176 litera
1450 3105 1726 3183 syllabaeve
1745 3108 2030 3174 retardent.

1967 3315 2092 3387 De·
2154 3285 2549 3419 Exemplis.

1999 3483 2064 3552 C
2109 3507 2160 3552 A
2205 3506 2267 3553 ι’.
2370 3485 2436 3558 X
2462 3488 2516 3553 1.

1091 3634 1302 3779 ‘AD
1335 3636 1585 3722 exempla
1609 3683 1628 3708 .
1668 3642 1890 3706 tertium
1929 3645 2086 3721 liujus
2107 3644 2384 3710 divisionis
2417 3647 2728 3709 membrum
2758 3689 2777 3715 ,
2802 3651 3038 3716 aceedit.
3071 3672 3195 3727 quae
3227 3656 3428 3717 Graeoi

1063 3789 1067 3796 4
1250 3718 1435 3777 Paradi
1477 3737 1622 3781 mata
1634 3741 1850 3788 vocant,
1876 3747 1989 3804 quo
2003 3730 2233 3787 nomine
2258 3731 2454 3787 omnia
2475 3724 2666 3787 similia
2691 3749 2911 3807 quoque
2935 3732 3431 3809 eompleQuntur:

1099 3793 1328 3874 quod&
1349 3795 1399 3854 sc
1420 3741 1691 3860 ἕξᾶιιιιιιιι
1703 3801 1810 3861 lioc
1831 3809 2005 3881 capite
2019 3807 2322 3883 promittit:
2362 3808 2616 3884 quamvis
2649 3810 2882 3874 Latinos
2907 3810 3028 3868 sciat
3050 3847 3066 3872 ‚
3082 3811 3429 3888 exemplum

1064 3938 1076 3946 ‚
1106 3891 1286 3932 rerum
1358 3872 1588 3961 estatum
1605 3916 1623 3943 ,
1644 3883 2084 3952 autoritatem&
2109 3881 2280 3943 simile
2300 3885 2483 3964 ‚quod
2506 3889 2681 3946 Graeci
2704 3886 2891 3947 dicunt
2912 3887 3229 3966 parabolani
3254 3930 3281 3959 ‚
3308 3913 3435 3952 vo—

1070 4019 1085 4042 -.
1104 3968 1223 4028 ,tate
1238 3893 1499 4018 mtffuiffe.
1581 3956 1624 4036 5
1660 3959 1758 4022 His
1781 3958 2062 4042 adjungit.
2098 3982 2222 4043 φιτ
2245 3961 2560 4026 extrinsecus
2593 3968 2656 4027 in
2679 3965 2908 4028 'causam
2942 3963 3268 4029 adhibentur
3295 3973 3440 4027 vul-

3089 4065 3167 4125 go
3197 4063 3441 4129 recepta
