3557 5113
323 224 561 390 De
606 218 1051 426 Instit.
1108 226 1842 400 Oratoria,
1904 221 2198 381 Lib.
2232 200 2395 383 Π.
2657 258 2811 371 95

220 562 518 665 'quenter
569 554 1048 662 interrogare
1083 613 1108 647 ‚
1173 557 1252 639 8(
1311 552 1683 660 judicium
1749 553 2304 668 discipulorum
2358 587 2490 645 ex·
2513 588 2702 672 cn,
2751 576 2882 673 νζ

223 673 437 774 periri.
528 672 649 748 Sic
691 667 1168 748 audientibus
1232 669 1583 751 securitas
1636 670 1923 757 aberit,
1982 698 2125 754 nec
2161 703 2330 784 quae
2373 676 2488 757 di-

218 805 499 863 centur,
555 779 1024 886 superfluent
1096 804 1355 863 aures:
1448 782 1827 891 simulque
1906 783 2003 863 ad
2071 786 2154 865 id
2203 787 2487 893 perdu-

218 916 496 981 centur,
581 890 798 1000 quod
869 916 966 970 ex
1024 889 1172 971 hoc
1279 894 1637 983 uaeritur,
1705 918 1792 974 ut
1842 901 2234 977 inveniant
2295 898 2483 1006 ipfi,

216 1007 280 1082 ὅ(
315 1003 755 1109 intelligant.
851 1009 1058 1083 Nam
1092 1008 1223 1112 qui
1329 1001 1538 1084 aliud
1588 1010 1883 1111 agimus
1916 1005 2280 1088 docendo
2319 1032 2484 1102 eos,

216 1137 421 1221 quam
466 1142 566 1193 ne
626 1116 929 1222 semper
974 1112 1307 1196 docendi
1356 1115 1552 1196 sinti
1638 1122 1814 1198 Hoc
1872 1117 2290 1226 diligentiae
2346 1148 2478 1229 ge·-

220 1250 338 1305 nus
384 1226 618 1306 aufim
660 1225 919 1307 dicere
958 1225 1130 1333 plus
1186 1226 1656 1308 collaturum
1697 1225 2153 1310 discentibus
2175 1286 2199 1321 ‚
2240 1252 2479 1339 quam

214 1362 459 1417 omnes
516 1341 882 1418 omnium
937 1346 1174 1433 artes3
1238 1363 1409 1446 quae
1454 1342 1718 1439 juvant
1786 1338 1944 1418 sme
1997 1339 2231 1423 dubio
2274 1344 2476 1424 mul·-

214 1467 419 1526 tum:
473 1447 593 1530 sed
610 1446 888 1529 latiore
910 1449 1238 1558 quadam
1261 1449 1954 1556 comprehensione
1969 1506 1991 1541 ,
2038 1474 2179 1557 per
2201 1475 2474 1534 omnes

214 1558 504 1666 quidem
555 1561 840 1669 species
881 1588 1143 1642 rerum
1185 1561 1533 1669 quotidie
1571 1583 1773 1669 pene
1828 1562 2300 1643 nascentium
2359 1567 2471 1643 ire

208 1674 337 1777 qm‘
388 1672 682 1778 possunt
726 1674 751 1755 ἓ
846 1678 1049 1755 Sicut
1100 1672 1200 1754 de
1266 1702 1351 1752 re
1410 1671 1729 1753 militari
1782 1695 2229 1782 quanquam
2297 1674 2473 1756 sunt

202 1781 458 1863 tradita
502 1784 860 1894 quaedam
913 1807 1288 1893 praecepta
1333 1790 1783 1866 communia
1820 1841 1844 1877 ‚
1901 1790 2151 1892 magis
2191 1794 2469 1867 'tamen

203 1894 527 1999 proderit
580 1897 768 1978 stite
789 1955 813 1990 ‚
880 1925 1032 2006 qua
1067 1894 1355 1977 ducum
1401 1895 1718 2005 quisque
1770 1900 2069 1977 ratione
2091 1953 2115 1988 ,
2164 1900 2245 1977 in
2281 1919 2468 2006 qua-

203 2005 255 2083 h‘
296 2008 514 2101 ioco,
587 2031 947 2117 tempore
979 2066 1003 2100 ‚
1067 2008 1159 2089 sit
1225 2007 1396 2088 usus
1464 2007 1839 2114 sapienter
1871 2064 1895 2098 ‚
1961 2029 2093 2089 aut
2170 2028 2463 2091 contra4

194 2121 394 2198 Nam
430 2126 510 2201 in
563 2122 922 2203 omnibus
973 2122 1134 2201 fere
1185 2122 1441 2199 minus
1476 2120 1735 2200 valent
1778 2143 2160 2227 praecepta
2181 2178 2203 2210 ‚
2226 2144 2466 2229 quam

190 2237 726 2336 experimenta.
887 2239 1017 2315 An
1062 2257 1256 2315 vero
1317 2230 1773 2311 declamabit
1822 2231 2142 2340 quidem
2193 2259 2469 2340 pratee·

177 2363 412 2448 ptor,
473 2366 557 2424 ut
586 2346 672 2427 sit
720 2345 1090 2454 exemplo
1123 2345 1266 2426 suis
1305 2340 1818 2423 auditoribus:
1884 2364 2045 2422 non
2082 2342 2252 2447 plus
2289 2366 2468 2423 con·

174 2453 512 2536 tulerint
572 2456 738 2539 lecti
790 2461 1072 2541 Cicero
1137 2479 1267 2537 aut
1320 2454 1889 2536 Demosthenes
1928 2452 1953 2533 ἓ
1997 2457 2471 2564 Cori-igetur

170 2566 443 2674 palam
471 2567 531 2650 fi
560 2572 743 2681 quid
771 2575 854 2651 in
884 2566 1393 2652 declamando
1424 2566 1835 2676 discipulus
1857 2568 2245 2648 erraverit:
2305 2574 2468 2648 non

172 2686 567 2785 potentius
608 2685 753 2764 erit
791 2679 1205 2763 emendare
1261 2679 1745 2768 orationem?
1825 2681 2183 2785 quinimo
2226 2682 2468 2759 etiam

160 2793 593 2892 jucundius.
725 2795 1017 2882 Aliena,
1094 2795 1307 2873 enim
1344 2795 1562 2874 ·vitia
1628 2789 1946 2899 quiffque
2010 2786 2475 2898 reprehendi

174 2906 504 2999 mavult,
570 2934 817 3017 quam
858 2904 1003 2986 sua.
1066 2909 1235 2985 Ne'c
1267 2901 1585 2986 deerant
1625 2900 1849 3010 plu‘ra
1883 2923 2056 3009 quae
2085 2898 2475 3004 diceremjt

163 3014 289 3096 sed
323 3021 743 3101 neminem
792 3019 953 3100 haec
1003 3018 1292 3099 utilitas
1340 3017 1541 3123 fugit
1579 3041 1599 3094 t
1668 3033 1745 3094 at
1801 3037 1899 3093 ue
1957 3018 2254 3094 utinam
2313 3027 2481 3094 tam

160 3156 326 3210 non
357 3135 625 3239 pigeat
682 3132 933 3211 facere
965 3127 1165 3211 istud
1183 3187 1206 3216 ,
1270 3152 1509 3238 quam
1556 3147 1720 3204 non
1820 3123 2212 3230 'splicebit.
2235 3113 2481 3221 Qod

159 3240 210 3319 fi
258 3248 622 3350 potuerit
657 3240 1038 3335 obtineri,
1087 3265 1250 3323 non
1297 3243 1406 3320 ita
1455 3235 1799 3318 difficilis
1844 3234 2214 3341 supererit
2274 3251 2483 3341 quaee

157 3353 297 3433 stio
314 3412 337 3446 ,
400 3360 555 3466 qui
611 3352 932 3462 legendi
988 3354 1134 3434 sint
1186 3347 1745 3459 incipientibus.
1878 3349 2087 3426 Nam
2163 3343 2486 3454 quidam

154 3463 326 3546 ilios
356 3473 776 3556 minores,
850 3467 1030 3573 quia
1079 3461 1378 3545 facilior
1444 3479 1724 3568 eorum
1766 3457 2211 3539 ‘iritellestus
2267 3455 2484 3538 vide·-

160 3576 407 3668 batur,
466 3579 1064 3688 probaverunt:
1157 3575 1281 3680 alij
1318 3572 1669 3655 floridius
1703 3590 1945 3677 genus
1968 3627 1989 3653 ‚
2033 3584 2121 3649 ut
2150 3569 2246 3649 ad
2283 3566 2484 3648 alen·

164 3683 268 3766 da
310 3693 749 3794 primarum
790 3710 1114 3769 aetatum
1146 3691 1451 3792 ingenia
1487 3687 1732 3790 magis
1777 3679 2483 3762 accommodatum.
2601 3777 2606 3780 ⁷

160 3801 333 3907 Ego
390 3809 743 3909 optimos
800 3796 1127 3907 quidem
1186 3805 1265 3880 &
1316 3797 1573 3878 statim
1628 3797 1707 3876 δι
1764 3794 2068 3901 semper
2097 3848 2119 3885 ,
2185 3789 2316 3870 sed
2374 3807 2487 3870 ta-

148 3940 328 3993 men
408 3941 698 3996 eorum
795 3907 1420 3992 candidiffimum
1492 3917 1885 4016 quemque
1924 3961 1947 3998 ,
2013 3912 2093 3987 δε
2144 3906 2493 3984 maxime

140 4026 574 4137 expolitum
636 4023 917 4109 velim
956 4049 974 4098 ε
1052 4043 1133 4103 ut
1172 4024 1489 4105 Livimn
1535 4045 1578 4100 a
1648 4022 1907 4135 pueris
1956 4019 2206 4126 magis
2253 4035 2497 4211 gualalm

1360 4137 1443 4214 N
2414 4150 2507 4220 u}
