<?xml version="1.0" encoding="UTF-8"?>
<!DOCTYPE html PUBLIC "-//W3C//DTD XHTML 1.0 Transitional//EN"
    "http://www.w3.org/TR/xhtml1/DTD/xhtml1-transitional.dtd">
<html xmlns="http://www.w3.org/1999/xhtml" xml:lang="en" lang="en">
 <head>
  <title>
</title>
<meta http-equiv="Content-Type" content="text/html;charset=utf-8" />
  <meta name='ocr-system' content='tesseract 3.04.00' />
  <meta name='ocr-capabilities' content='ocr_page ocr_carea ocr_par ocr_line ocrx_word'/>
</head>
<body>
  <div class='ocr_page' id='page_1' title='image "./deinstitutioneo00obregoog_0254.png"; bbox 0 0 3557 5113; ppageno 0'>
   <div class='ocr_carea' id='block_1_1' title="bbox 827 182 3166 311">
    <p class='ocr_par' dir='ltr' id='par_1_1' title="bbox 827 182 3166 311">
     <span class='ocr_line' id='line_1_1' title="bbox 827 182 3166 311; baseline -0.001 -19"><span class='ocrx_word' id='word_1_1' title='bbox 827 214 1001 302; x_wconf 86' lang='lat'>112</span> <span class='ocrx_word' id='word_1_2' title='bbox 1426 182 1586 290; x_wconf 89' lang='lat' dir='ltr'>M.</span> <span class='ocrx_word' id='word_1_3' title='bbox 1694 184 2059 295; x_wconf 69' lang='lat' dir='ltr'>Fami</span> <span class='ocrx_word' id='word_1_4' title='bbox 2175 182 3166 311; x_wconf 73' lang='lat' dir='ltr'>Q1Ncr1mAN1</span> 
     </span>
    </p>
   </div>
   <div class='ocr_carea' id='block_1_2' title="bbox 734 468 3469 4059">
    <p class='ocr_par' dir='ltr' id='par_1_2' title="bbox 734 468 3469 4059">
     <span class='ocr_line' id='line_1_2' title="bbox 734 468 3408 562; baseline -0.002 -4"><span class='ocrx_word' id='word_1_5' title='bbox 734 473 1124 562; x_wconf 57' lang='lat' dir='ltr'>Caiuxlv.</span> <span class='ocrx_word' id='word_1_6' title='bbox 1336 473 2021 554; x_wconf 84' lang='lat' dir='ltr'>RHETORICEN</span> <span class='ocrx_word' id='word_1_7' title='bbox 2073 468 2156 546; x_wconf 91' lang='lat' dir='ltr'>in</span> <span class='ocrx_word' id='word_1_8' title='bbox 2204 469 2577 549; x_wconf 89' lang='lat' dir='ltr'>Latinum</span> <span class='ocrx_word' id='word_1_9' title='bbox 2636 471 3164 551; x_wconf 87' lang='lat' dir='ltr'>transferentes</span> <span class='ocrx_word' id='word_1_10' title='bbox 3190 525 3212 560; x_wconf 87' lang='lat'>‚</span> <span class='ocrx_word' id='word_1_11' title='bbox 3264 488 3408 552; x_wconf 88' lang='lat' dir='ltr'>tum</span> 
     </span>
     <span class='ocr_line' id='line_1_3' title="bbox 898 580 3413 686; baseline -0.002 -20"><span class='ocrx_word' id='word_1_12' title='bbox 898 580 901 585; x_wconf 63' lang='grc'><strong>’</strong></span> <span class='ocrx_word' id='word_1_13' title='bbox 1157 589 1582 668; x_wconf 89' lang='lat' dir='ltr'>oratoriam</span> <span class='ocrx_word' id='word_1_14' title='bbox 1603 642 1627 676; x_wconf 88' lang='lat'>‚</span> <span class='ocrx_word' id='word_1_15' title='bbox 1684 609 1855 665; x_wconf 86' lang='lat' dir='ltr'>tum</span> <span class='ocrx_word' id='word_1_16' title='bbox 1906 583 2320 662; x_wconf 81' lang='lat' dir='ltr'>oratricem</span> <span class='ocrx_word' id='word_1_17' title='bbox 2381 583 2999 664; x_wconf 87' lang='lat' dir='ltr'>nominaverunt.</span> <span class='ocrx_word' id='word_1_18' title='bbox 3091 587 3294 686; x_wconf 81' lang='lat' dir='ltr'>Qos</span> <span class='ocrx_word' id='word_1_19' title='bbox 3348 612 3413 661; x_wconf 88' lang='lat' dir='ltr'>e-</span> 
     </span>
     <span class='ocr_line' id='line_1_4' title="bbox 1158 691 3412 807; baseline -0.003 -29"><span class='ocrx_word' id='word_1_20' title='bbox 1158 696 1482 807; x_wconf 89' lang='lat' dir='ltr'>quidem</span> <span class='ocrx_word' id='word_1_21' title='bbox 1530 726 1693 778; x_wconf 93' lang='lat' dir='ltr'>non</span> <span class='ocrx_word' id='word_1_22' title='bbox 1742 693 2261 778; x_wconf 86' lang='lat' dir='ltr'>fraudaverim</span> <span class='ocrx_word' id='word_1_23' title='bbox 2300 691 2557 773; x_wconf 90' lang='lat' dir='ltr'>debita</span> <span class='ocrx_word' id='word_1_24' title='bbox 2585 693 2813 776; x_wconf 89' lang='lat' dir='ltr'>laude</span> <span class='ocrx_word' id='word_1_25' title='bbox 2835 753 2861 788; x_wconf 87' lang='lat'>‚</span> <span class='ocrx_word' id='word_1_26' title='bbox 2905 694 3114 804; x_wconf 89' lang='lat' dir='ltr'>quod</span> <span class='ocrx_word' id='word_1_27' title='bbox 3148 698 3412 802; x_wconf 85' lang='lat' dir='ltr'>copiam</span> 
     </span>
     <span class='ocr_line' id='line_1_5' title="bbox 1157 809 3417 914; baseline -0.003 -23"><span class='ocrx_word' id='word_1_28' title='bbox 1157 814 1503 901; x_wconf 87' lang='lat' dir='ltr'>Romani</span> <span class='ocrx_word' id='word_1_29' title='bbox 1552 810 1924 891; x_wconf 90' lang='lat' dir='ltr'>sermonis</span> <span class='ocrx_word' id='word_1_30' title='bbox 1958 833 2238 914; x_wconf 88' lang='lat' dir='ltr'>augere</span> <span class='ocrx_word' id='word_1_31' title='bbox 2276 810 2763 888; x_wconf 87' lang='lat' dir='ltr'>tentaverint.</span> <span class='ocrx_word' id='word_1_32' title='bbox 2822 809 2970 891; x_wconf 86' lang='lat' dir='ltr'>Sed</span> <span class='ocrx_word' id='word_1_33' title='bbox 3013 836 3170 888; x_wconf 90' lang='lat' dir='ltr'>non</span> <span class='ocrx_word' id='word_1_34' title='bbox 3191 816 3417 886; x_wconf 84' lang='lat' dir='ltr'>omnia</span> 
     </span>
     <span class='ocr_line' id='line_1_6' title="bbox 1052 916 3412 1024; baseline -0.003 -23"><span class='ocrx_word' id='word_1_35' title='bbox 1052 938 1069 955; x_wconf 88' lang='lat'>&#39;&#39;</span> <span class='ocrx_word' id='word_1_36' title='bbox 1158 951 1302 1003; x_wconf 88' lang='lat' dir='ltr'>nos</span> <span class='ocrx_word' id='word_1_37' title='bbox 1372 922 1739 1004; x_wconf 87' lang='lat' dir='ltr'>ducentes</span> <span class='ocrx_word' id='word_1_38' title='bbox 1794 949 1892 1001; x_wconf 85' lang='lat' dir='ltr'>ex</span> <span class='ocrx_word' id='word_1_39' title='bbox 1963 924 2239 998; x_wconf 79' lang='lat' dir='ltr'>Graeco</span> <span class='ocrx_word' id='word_1_40' title='bbox 2297 916 2719 1024; x_wconf 84' lang='lat' dir='ltr'>sequuntur</span> <span class='ocrx_word' id='word_1_41' title='bbox 2754 978 2776 1011; x_wconf 91' lang='lat'>,</span> <span class='ocrx_word' id='word_1_42' title='bbox 2867 919 3057 1000; x_wconf 82' lang='lat' dir='ltr'>ficut</span> <span class='ocrx_word' id='word_1_43' title='bbox 3122 947 3214 999; x_wconf 89' lang='lat' dir='ltr'>ne</span> <span class='ocrx_word' id='word_1_44' title='bbox 3270 917 3412 996; x_wconf 88' lang='lat' dir='ltr'>illos</span> 
     </span>
     <span class='ocr_line' id='line_1_7' title="bbox 1158 1029 3414 1143; baseline -0.004 -29"><span class='ocrx_word' id='word_1_45' title='bbox 1158 1033 1481 1143; x_wconf 90' lang='lat' dir='ltr'>quidem</span> <span class='ocrx_word' id='word_1_46' title='bbox 1559 1045 1865 1142; x_wconf 85' lang='lat' dir='ltr'>quoties</span> <span class='ocrx_word' id='word_1_47' title='bbox 1943 1030 2087 1110; x_wconf 83' lang='lat' dir='ltr'>suis</span> <span class='ocrx_word' id='word_1_48' title='bbox 2163 1033 2432 1137; x_wconf 88' lang='lat' dir='ltr'>utique</span> <span class='ocrx_word' id='word_1_49' title='bbox 2506 1032 2759 1111; x_wconf 86' lang='lat' dir='ltr'>verbis</span> <span class='ocrx_word' id='word_1_50' title='bbox 2834 1032 3125 1140; x_wconf 87' lang='lat' dir='ltr'>fignare</span> <span class='ocrx_word' id='word_1_51' title='bbox 3201 1029 3414 1110; x_wconf 85' lang='lat' dir='ltr'>nostra</span> 
     </span>
     <span class='ocr_line' id='line_1_8' title="bbox 1151 1139 3420 1247; baseline -0.004 -19"><span class='ocrx_word' id='word_1_52' title='bbox 1151 1149 1588 1231; x_wconf 88' lang='lat' dir='ltr'>voluerunt.</span> <span class='ocrx_word' id='word_1_53' title='bbox 1716 1151 1811 1227; x_wconf 90' lang='lat' dir='ltr'>Et</span> <span class='ocrx_word' id='word_1_54' title='bbox 1874 1143 2036 1226; x_wconf 86' lang='lat' dir='ltr'>haec</span> <span class='ocrx_word' id='word_1_55' title='bbox 2114 1144 2653 1247; x_wconf 81' lang='lat' dir='ltr'>interpretatio</span> <span class='ocrx_word' id='word_1_56' title='bbox 2725 1173 2891 1225; x_wconf 90' lang='lat' dir='ltr'>non</span> <span class='ocrx_word' id='word_1_57' title='bbox 2948 1148 3198 1223; x_wconf 86' lang='lat' dir='ltr'>minus</span> <span class='ocrx_word' id='word_1_58' title='bbox 3261 1139 3420 1220; x_wconf 84' lang='lat' dir='ltr'>dura</span> 
     </span>
     <span class='ocr_line' id='line_1_9' title="bbox 1150 1251 3416 1367; baseline -0.004 -29"><span class='ocrx_word' id='word_1_59' title='bbox 1150 1258 1264 1338; x_wconf 87' lang='lat' dir='ltr'>est</span> <span class='ocrx_word' id='word_1_60' title='bbox 1303 1315 1345 1352; x_wconf 50' lang='lat'>‚‚</span> <span class='ocrx_word' id='word_1_61' title='bbox 1386 1286 1624 1367; x_wconf 90' lang='lat' dir='ltr'>quam</span> <span class='ocrx_word' id='word_1_62' title='bbox 1674 1258 1807 1340; x_wconf 90' lang='lat' dir='ltr'>illa</span> <span class='ocrx_word' id='word_1_63' title='bbox 1861 1254 2107 1336; x_wconf 90' lang='lat' dir='ltr'>Plauti</span> <span class='ocrx_word' id='word_1_64' title='bbox 2185 1251 2464 1360; x_wconf 75' lang='lat' dir='ltr'>efflatia</span> <span class='ocrx_word' id='word_1_65' title='bbox 2511 1278 2739 1363; x_wconf 88' lang='lat' dir='ltr'>atque</span> <span class='ocrx_word' id='word_1_66' title='bbox 2803 1264 3004 1337; x_wconf 84' lang='lat' dir='ltr'>entia</span> <span class='ocrx_word' id='word_1_67' title='bbox 3061 1291 3083 1333; x_wconf 92' lang='lat'>.·</span> <span class='ocrx_word' id='word_1_68' title='bbox 3177 1251 3292 1333; x_wconf 88' lang='lat' dir='ltr'>sed</span> <span class='ocrx_word' id='word_1_69' title='bbox 3338 1278 3416 1332; x_wconf 85' lang='lat' dir='ltr'>ne</span> 
     </span>
     <span class='ocr_line' id='line_1_10' title="bbox 1148 1358 3424 1477; baseline -0.004 -28"><span class='ocrx_word' id='word_1_70' title='bbox 1148 1374 1466 1477; x_wconf 86' lang='lat' dir='ltr'>propria</span> <span class='ocrx_word' id='word_1_71' title='bbox 1516 1368 1859 1469; x_wconf 86' lang='lat' dir='ltr'>quidem.</span> <span class='ocrx_word' id='word_1_72' title='bbox 1956 1372 2166 1446; x_wconf 84' lang='lat' dir='ltr'>Nam</span> <span class='ocrx_word' id='word_1_73' title='bbox 2223 1374 2539 1447; x_wconf 85' lang='lat' dir='ltr'>oratoria</span> <span class='ocrx_word' id='word_1_74' title='bbox 2581 1366 2681 1446; x_wconf 88' lang='lat' dir='ltr'>fic</span> <span class='ocrx_word' id='word_1_75' title='bbox 2725 1367 3136 1458; x_wconf 85' lang='lat' dir='ltr'>efferetur,</span> <span class='ocrx_word' id='word_1_76' title='bbox 3173 1358 3257 1446; x_wconf 80' lang='lat' dir='ltr'>ut</span> <span class='ocrx_word' id='word_1_77' title='bbox 3297 1363 3424 1443; x_wconf 82' lang='lat' dir='ltr'>elo-</span> 
     </span>
     <span class='ocr_line' id='line_1_11' title="bbox 1150 1475 3418 1586; baseline -0.004 -24"><span class='ocrx_word' id='word_1_78' title='bbox 1150 1494 1450 1564; x_wconf 87' lang='lat' dir='ltr'>cutoria</span> <span class='ocrx_word' id='word_1_79' title='bbox 1492 1512 1509 1560; x_wconf 74' lang='grc' dir='ltr'>ε</span> <span class='ocrx_word' id='word_1_80' title='bbox 1580 1488 1867 1563; x_wconf 82' lang='lat' dir='ltr'>oratrix</span> <span class='ocrx_word' id='word_1_81' title='bbox 1911 1502 1996 1560; x_wconf 85' lang='lat' dir='ltr'>ut</span> <span class='ocrx_word' id='word_1_82' title='bbox 2051 1476 2458 1559; x_wconf 86' lang='lat' dir='ltr'>elocutrix.</span> <span class='ocrx_word' id='word_1_83' title='bbox 2556 1478 2688 1560; x_wconf 85' lang='lat' dir='ltr'>Illa</span> <span class='ocrx_word' id='word_1_84' title='bbox 2724 1502 2994 1559; x_wconf 91' lang='lat' dir='ltr'>autem</span> <span class='ocrx_word' id='word_1_85' title='bbox 3036 1478 3132 1559; x_wconf 92' lang='lat' dir='ltr'>de</span> <span class='ocrx_word' id='word_1_86' title='bbox 3167 1504 3304 1586; x_wconf 89' lang='lat' dir='ltr'>qua</span> <span class='ocrx_word' id='word_1_87' title='bbox 3334 1475 3418 1553; x_wconf 89' lang='lat' dir='ltr'>lo·</span> 
     </span>
     <span class='ocr_line' id='line_1_12' title="bbox 1150 1589 3424 1701; baseline -0.004 -27"><span class='ocrx_word' id='word_1_88' title='bbox 1150 1599 1466 1700; x_wconf 89' lang='lat' dir='ltr'>quimur</span> <span class='ocrx_word' id='word_1_89' title='bbox 1500 1593 1886 1675; x_wconf 85' lang='lat' dir='ltr'>rhetorice</span> <span class='ocrx_word' id='word_1_90' title='bbox 1921 1646 1944 1682; x_wconf 83' lang='lat'>,</span> <span class='ocrx_word' id='word_1_91' title='bbox 2012 1591 2182 1674; x_wconf 73' lang='lat' dir='ltr'>talis</span> <span class='ocrx_word' id='word_1_92' title='bbox 2234 1589 2387 1681; x_wconf 83' lang='lat' dir='ltr'>est,</span> <span class='ocrx_word' id='word_1_93' title='bbox 2440 1592 2684 1697; x_wconf 91' lang='lat' dir='ltr'>qualis</span> <span class='ocrx_word' id='word_1_94' title='bbox 2741 1593 3241 1701; x_wconf 87' lang='lat' dir='ltr'>eloquentia:</span> <span class='ocrx_word' id='word_1_95' title='bbox 3308 1613 3424 1667; x_wconf 82' lang='lat' dir='ltr'>nec</span> 
     </span>
     <span class='ocr_line' id='line_1_13' title="bbox 1147 1700 3422 1814; baseline -0.004 -29"><span class='ocrx_word' id='word_1_96' title='bbox 1147 1705 1379 1789; x_wconf 87' lang='lat' dir='ltr'>dubie</span> <span class='ocrx_word' id='word_1_97' title='bbox 1451 1703 1656 1814; x_wconf 90' lang='lat' dir='ltr'>apud</span> <span class='ocrx_word' id='word_1_98' title='bbox 1731 1708 2043 1787; x_wconf 77' lang='lat' dir='ltr'>Graecos</span> <span class='ocrx_word' id='word_1_99' title='bbox 2115 1726 2434 1809; x_wconf 84' lang='lat' dir='ltr'>quoque</span> <span class='ocrx_word' id='word_1_100' title='bbox 2493 1701 2892 1812; x_wconf 85' lang='lat' dir='ltr'>duplicem</span> <span class='ocrx_word' id='word_1_101' title='bbox 2979 1700 3422 1784; x_wconf 60' lang='lat' dir='ltr'>‘intelleelum</span> 
     </span>
     <span class='ocr_line' id='line_1_14' title="bbox 1150 1812 3424 1926; baseline -0.004 -30"><span class='ocrx_word' id='word_1_102' title='bbox 1150 1816 1399 1899; x_wconf 87' lang='lat' dir='ltr'>habet.</span> <span class='ocrx_word' id='word_1_103' title='bbox 1496 1822 1859 1926; x_wconf 90' lang='lat' dir='ltr'>Namque</span> <span class='ocrx_word' id='word_1_104' title='bbox 1912 1840 2076 1894; x_wconf 92' lang='lat' dir='ltr'>uno</span> <span class='ocrx_word' id='word_1_105' title='bbox 2129 1814 2375 1894; x_wconf 89' lang='lat' dir='ltr'>modo</span> <span class='ocrx_word' id='word_1_106' title='bbox 2420 1812 2511 1893; x_wconf 91' lang='lat' dir='ltr'>fit</span> <span class='ocrx_word' id='word_1_107' title='bbox 2553 1814 2998 1922; x_wconf 83' lang='lat' dir='ltr'>appositum</span> <span class='ocrx_word' id='word_1_108' title='bbox 3034 1873 3059 1907; x_wconf 87' lang='lat'>‚</span> <span class='ocrx_word' id='word_1_109' title='bbox 3125 1842 3238 1895; x_wconf 87' lang='lat' dir='ltr'>ars</span> <span class='ocrx_word' id='word_1_110' title='bbox 3280 1813 3424 1890; x_wconf 82' lang='lat' dir='ltr'>rhe-</span> 
     </span>
     <span class='ocr_line' id='line_1_15' title="bbox 1147 1922 3428 2034; baseline -0.004 -25"><span class='ocrx_word' id='word_1_111' title='bbox 1147 1934 1389 2012; x_wconf 85' lang='lat' dir='ltr'>torica</span> <span class='ocrx_word' id='word_1_112' title='bbox 1425 1982 1447 2019; x_wconf 86' lang='lat'>,</span> <span class='ocrx_word' id='word_1_113' title='bbox 1512 1950 1597 2007; x_wconf 91' lang='lat' dir='ltr'>ut</span> <span class='ocrx_word' id='word_1_114' title='bbox 1638 1930 1852 2009; x_wconf 87' lang='lat' dir='ltr'>navis</span> <span class='ocrx_word' id='word_1_115' title='bbox 1888 1927 2209 2033; x_wconf 86' lang='lat' dir='ltr'>piratica</span> <span class='ocrx_word' id='word_1_116' title='bbox 2245 1955 2265 2003; x_wconf 70' lang='grc' dir='ltr'>ε</span> <span class='ocrx_word' id='word_1_117' title='bbox 2343 1925 2595 2006; x_wconf 90' lang='lat' dir='ltr'>altero</span> <span class='ocrx_word' id='word_1_118' title='bbox 2640 1954 2948 2007; x_wconf 89' lang='lat' dir='ltr'>nomen</span> <span class='ocrx_word' id='word_1_119' title='bbox 3005 1931 3162 2021; x_wconf 87' lang='lat' dir='ltr'>rei,</span> <span class='ocrx_word' id='word_1_120' title='bbox 3220 1922 3428 2034; x_wconf 74' lang='lat' dir='ltr'>qualis</span> 
     </span>
     <span class='ocr_line' id='line_1_16' title="bbox 1146 2036 3425 2148; baseline -0.003 -30"><span class='ocrx_word' id='word_1_121' title='bbox 1146 2040 1259 2121; x_wconf 91' lang='lat' dir='ltr'>est</span> <span class='ocrx_word' id='word_1_122' title='bbox 1317 2036 1850 2148; x_wconf 78' lang='lat' dir='ltr'>philosophia,</span> <span class='ocrx_word' id='word_1_123' title='bbox 1898 2040 2254 2120; x_wconf 88' lang='lat' dir='ltr'>amicitia.</span> <span class='ocrx_word' id='word_1_124' title='bbox 2343 2042 2517 2118; x_wconf 86' lang='lat' dir='ltr'>Nos</span> <span class='ocrx_word' id='word_1_125' title='bbox 2545 2039 2799 2144; x_wconf 12' lang='lat' dir='ltr'>*ipsam</span> <span class='ocrx_word' id='word_1_126' title='bbox 2866 2068 3077 2121; x_wconf 88' lang='lat' dir='ltr'>nunc</span> <span class='ocrx_word' id='word_1_127' title='bbox 3113 2038 3425 2121; x_wconf 86' lang='lat' dir='ltr'>volumus</span> 
     </span>
     <span class='ocr_line' id='line_1_17' title="bbox 1146 2146 3430 2258; baseline 0 -25"><span class='ocrx_word' id='word_1_128' title='bbox 1146 2149 1568 2258; x_wconf 83' lang='lat' dir='ltr'>fignificare</span> <span class='ocrx_word' id='word_1_129' title='bbox 1621 2148 2158 2241; x_wconf 83' lang='lat' dir='ltr'>substant-iam,</span> <span class='ocrx_word' id='word_1_130' title='bbox 2222 2171 2310 2231; x_wconf 90' lang='lat' dir='ltr'>ut</span> <span class='ocrx_word' id='word_1_131' title='bbox 2345 2174 2857 2255; x_wconf 79' lang='lat' dir='ltr'>grammatice</span> <span class='ocrx_word' id='word_1_132' title='bbox 2901 2154 3298 2234; x_wconf 85' lang='lat' dir='ltr'>literatura</span> <span class='ocrx_word' id='word_1_133' title='bbox 3320 2146 3430 2233; x_wconf 68' lang='lat' dir='ltr'>est&gt;</span> 
     </span>
     <span class='ocr_line' id='line_1_18' title="bbox 1147 2258 3428 2369; baseline -0.001 -28"><span class='ocrx_word' id='word_1_134' title='bbox 1147 2289 1312 2342; x_wconf 88' lang='lat' dir='ltr'>non</span> <span class='ocrx_word' id='word_1_135' title='bbox 1360 2267 1736 2344; x_wconf 82' lang='lat' dir='ltr'>literatrix</span> <span class='ocrx_word' id='word_1_136' title='bbox 1770 2318 1793 2349; x_wconf 81' lang='lat'>‚</span> <span class='ocrx_word' id='word_1_137' title='bbox 1853 2258 2526 2369; x_wconf 84' lang='lat' dir='ltr'>quemadmodum</span> <span class='ocrx_word' id='word_1_138' title='bbox 2588 2273 2880 2344; x_wconf 83' lang='lat' dir='ltr'>oratrix</span> <span class='ocrx_word' id='word_1_139' title='bbox 2927 2301 2952 2344; x_wconf 91' lang='lat'>.·</span> <span class='ocrx_word' id='word_1_140' title='bbox 3022 2293 3165 2345; x_wconf 88' lang='lat' dir='ltr'>nec</span> <span class='ocrx_word' id='word_1_141' title='bbox 3219 2265 3428 2342; x_wconf 68' lang='lat' dir='ltr'>litera-</span> 
     </span>
     <span class='ocr_line' id='line_1_19' title="bbox 1147 2372 3440 2484; baseline -0.002 -30"><span class='ocrx_word' id='word_1_142' title='bbox 1147 2384 1338 2457; x_wconf 82' lang='lat' dir='ltr'>toria</span> <span class='ocrx_word' id='word_1_143' title='bbox 1370 2394 1411 2467; x_wconf 83' lang='grc'>,·</span> <span class='ocrx_word' id='word_1_144' title='bbox 1453 2372 2124 2484; x_wconf 87' lang='lat' dir='ltr'>quemadmodum</span> <span class='ocrx_word' id='word_1_145' title='bbox 2178 2386 2505 2452; x_wconf 79' lang='lat' dir='ltr'>oratoria.</span> <span class='ocrx_word' id='word_1_146' title='bbox 2638 2378 2976 2469; x_wconf 51' lang='lat' dir='ltr'>Verum¹</span> <span class='ocrx_word' id='word_1_147' title='bbox 3012 2382 3100 2457; x_wconf 90' lang='lat' dir='ltr'>in</span> <span class='ocrx_word' id='word_1_148' title='bbox 3153 2373 3440 2455; x_wconf 84' lang='lat' dir='ltr'>rhetori·</span> 
     </span>
     <span class='ocr_line' id='line_1_20' title="bbox 1151 2485 3444 2599; baseline -0.002 -32"><span class='ocrx_word' id='word_1_149' title='bbox 1151 2515 1241 2568; x_wconf 89' lang='lat' dir='ltr'>ce</span> <span class='ocrx_word' id='word_1_150' title='bbox 1289 2515 1451 2568; x_wconf 89' lang='lat' dir='ltr'>non</span> <span class='ocrx_word' id='word_1_151' title='bbox 1500 2485 1625 2569; x_wconf 81' lang='lat' dir='ltr'>sic.</span> <span class='ocrx_word' id='word_1_152' title='bbox 1713 2491 1905 2568; x_wconf 87' lang='lat' dir='ltr'>Non</span> <span class='ocrx_word' id='word_1_153' title='bbox 1948 2511 2383 2592; x_wconf 84' lang='lat' dir='ltr'>pugnemus</span> <span class='ocrx_word' id='word_1_154' title='bbox 2440 2488 2732 2592; x_wconf 86' lang='lat' dir='ltr'>igitur:</span> <span class='ocrx_word' id='word_1_155' title='bbox 2811 2512 3011 2571; x_wconf 84' lang='lat' dir='ltr'>cum</span> <span class='ocrx_word' id='word_1_156' title='bbox 3065 2486 3444 2599; x_wconf 70' lang='lat' dir='ltr'>praesertim</span> 
     </span>
     <span class='ocr_line' id='line_1_21' title="bbox 1152 2593 3442 2706; baseline -0.001 -30"><span class='ocrx_word' id='word_1_157' title='bbox 1152 2599 1510 2703; x_wconf 88' lang='lat' dir='ltr'>plurimis</span> <span class='ocrx_word' id='word_1_158' title='bbox 1555 2599 1845 2706; x_wconf 88' lang='lat' dir='ltr'>alioqui</span> <span class='ocrx_word' id='word_1_159' title='bbox 1890 2599 2176 2678; x_wconf 74' lang='lat' dir='ltr'>Graecis</span> <span class='ocrx_word' id='word_1_160' title='bbox 2229 2595 2320 2698; x_wconf 82' lang='lat' dir='ltr'>fit</span> <span class='ocrx_word' id='word_1_161' title='bbox 2369 2596 2770 2680; x_wconf 89' lang='lat' dir='ltr'>utendum.</span> <span class='ocrx_word' id='word_1_162' title='bbox 2876 2610 3102 2683; x_wconf 88' lang='lat' dir='ltr'>Nam</span> <span class='ocrx_word' id='word_1_163' title='bbox 3167 2621 3358 2681; x_wconf 85' lang='lat' dir='ltr'>certe</span> <span class='ocrx_word' id='word_1_164' title='bbox 3402 2593 3442 2673; x_wconf 83' lang='lat' dir='ltr'>fi</span> 
     </span>
     <span class='ocr_line' id='line_1_22' title="bbox 1152 2709 3450 2820; baseline 0 -32"><span class='ocrx_word' id='word_1_165' title='bbox 1152 2709 1631 2820; x_wconf 70' lang='lat' dir='ltr'>Philosophus,</span> <span class='ocrx_word' id='word_1_166' title='bbox 1684 2717 1760 2791; x_wconf 69' lang='grc' dir='ltr'>δι</span> <span class='ocrx_word' id='word_1_167' title='bbox 1815 2709 2097 2817; x_wconf 70' lang='lat' dir='ltr'><em>n‘nficos</em></span> <span class='ocrx_word' id='word_1_168' title='bbox 2113 2766 2134 2795; x_wconf 78' lang='lat'><em>,</em></span> <span class='ocrx_word' id='word_1_169' title='bbox 2187 2713 2265 2789; x_wconf 85' lang='lat'>&amp;</span> <span class='ocrx_word' id='word_1_170' title='bbox 2295 2735 2685 2819; x_wconf 63' lang='lat' dir='ltr'>geometra</span> <span class='ocrx_word' id='word_1_171' title='bbox 2725 2710 3020 2797; x_wconf 83' lang='lat' dir='ltr'>dicam</span> <span class='ocrx_word' id='word_1_172' title='bbox 3056 2753 3078 2795; x_wconf 93' lang='grc'>.·</span> <span class='ocrx_word' id='word_1_173' title='bbox 3149 2742 3287 2795; x_wconf 87' lang='lat' dir='ltr'>nec</span> <span class='ocrx_word' id='word_1_174' title='bbox 3317 2714 3450 2792; x_wconf 82' lang='lat' dir='ltr'>vim</span> 
     </span>
     <span class='ocr_line' id='line_1_23' title="bbox 1155 2820 3447 2908; baseline 0 -8"><span class='ocrx_word' id='word_1_175' title='bbox 1155 2820 1472 2902; x_wconf 65' lang='lat' dir='ltr'>afferam</span> <span class='ocrx_word' id='word_1_176' title='bbox 1535 2821 1652 2900; x_wconf 90' lang='lat' dir='ltr'>his</span> <span class='ocrx_word' id='word_1_177' title='bbox 1705 2820 2153 2900; x_wconf 85' lang='lat' dir='ltr'>nominibus</span> <span class='ocrx_word' id='word_1_178' title='bbox 2216 2820 2581 2903; x_wconf 87' lang='lat' dir='ltr'>indecora</span> <span class='ocrx_word' id='word_1_179' title='bbox 2637 2826 2716 2902; x_wconf 86' lang='lat' dir='ltr'>in</span> <span class='ocrx_word' id='word_1_180' title='bbox 2751 2825 3170 2908; x_wconf 84' lang='lat' dir='ltr'>Latinum</span> <span class='ocrx_word' id='word_1_181' title='bbox 3200 2825 3447 2906; x_wconf 85' lang='lat' dir='ltr'>sermo-</span> 
     </span>
     <span class='ocr_line' id='line_1_24' title="bbox 1158 2934 3453 3040; baseline 0.001 -25"><span class='ocrx_word' id='word_1_182' title='bbox 1158 2961 1344 3015; x_wconf 88' lang='lat' dir='ltr'>nem</span> <span class='ocrx_word' id='word_1_183' title='bbox 1409 2935 1861 3013; x_wconf 75' lang='lat' dir='ltr'>mutatione.</span> <span class='ocrx_word' id='word_1_184' title='bbox 1939 2934 2300 3040; x_wconf 83' lang='lat' dir='ltr'>Denique</span> <span class='ocrx_word' id='word_1_185' title='bbox 2338 2961 2524 3014; x_wconf 88' lang='lat' dir='ltr'>cum</span> <span class='ocrx_word' id='word_1_186' title='bbox 2585 2938 2700 3016; x_wconf 84' lang='lat' dir='ltr'>M.</span> <span class='ocrx_word' id='word_1_187' title='bbox 2733 2938 3072 3021; x_wconf 86' lang='lat' dir='ltr'>Tullius</span> <span class='ocrx_word' id='word_1_188' title='bbox 3132 2942 3356 3021; x_wconf 86' lang='lat' dir='ltr'>etiarn</span> <span class='ocrx_word' id='word_1_189' title='bbox 3408 2937 3453 3011; x_wconf 88' lang='lat' dir='ltr'>i-</span> 
     </span>
     <span class='ocr_line' id='line_1_25' title="bbox 1146 3041 3460 3161; baseline 0.002 -39"><span class='ocrx_word' id='word_1_190' title='bbox 1146 3042 1296 3151; x_wconf 83' lang='lat' dir='ltr'>psss</span> <span class='ocrx_word' id='word_1_191' title='bbox 1330 3043 1713 3126; x_wconf 82' lang='lat' dir='ltr'>librorum</span> <span class='ocrx_word' id='word_1_192' title='bbox 1751 3072 1949 3153; x_wconf 82' lang='lat' dir='ltr'>quos</span> <span class='ocrx_word' id='word_1_193' title='bbox 1993 3044 2140 3126; x_wconf 86' lang='lat' dir='ltr'>hac</span> <span class='ocrx_word' id='word_1_194' title='bbox 2182 3041 2280 3126; x_wconf 89' lang='lat' dir='ltr'>de</span> <span class='ocrx_word' id='word_1_195' title='bbox 2312 3067 2402 3124; x_wconf 82' lang='lat' dir='ltr'>re·</span> <span class='ocrx_word' id='word_1_196' title='bbox 2443 3055 2805 3153; x_wconf 85' lang='lat' dir='ltr'>primum</span> <span class='ocrx_word' id='word_1_197' title='bbox 2865 3050 3276 3161; x_wconf 83' lang='lat' dir='ltr'>scripserat</span> <span class='ocrx_word' id='word_1_198' title='bbox 3309 3058 3460 3130; x_wconf 80' lang='lat' dir='ltr'>titu-</span> 
     </span>
     <span class='ocr_line' id='line_1_26' title="bbox 1146 3155 3459 3262; baseline 0.002 -28"><span class='ocrx_word' id='word_1_199' title='bbox 1146 3155 1240 3234; x_wconf 84' lang='lat' dir='ltr'>lis</span> <span class='ocrx_word' id='word_1_200' title='bbox 1276 3212 1297 3245; x_wconf 86' lang='lat'>‚</span> <span class='ocrx_word' id='word_1_201' title='bbox 1353 3159 1629 3236; x_wconf 81' lang='lat' dir='ltr'>Graeco</span> <span class='ocrx_word' id='word_1_202' title='bbox 1678 3159 2007 3237; x_wconf 88' lang='lat' dir='ltr'>nomine</span> <span class='ocrx_word' id='word_1_203' title='bbox 2053 3176 2352 3247; x_wconf 83' lang='lat' dir='ltr'>utatur,</span> <span class='ocrx_word' id='word_1_204' title='bbox 2400 3157 2754 3262; x_wconf 69' lang='lat' dir='ltr'>profesto</span> <span class='ocrx_word' id='word_1_205' title='bbox 2813 3189 2998 3247; x_wconf 90' lang='lat' dir='ltr'>non</span> <span class='ocrx_word' id='word_1_206' title='bbox 3049 3165 3164 3245; x_wconf 85' lang='lat' dir='ltr'>est</span> <span class='ocrx_word' id='word_1_207' title='bbox 3217 3187 3459 3246; x_wconf 86' lang='lat' dir='ltr'>veren-</span> 
     </span>
     <span class='ocr_line' id='line_1_27' title="bbox 1145 3265 3468 3397; baseline 0.002 -48"><span class='ocrx_word' id='word_1_208' title='bbox 1145 3265 1340 3397; x_wconf 47' lang='lat' dir='ltr'>dun}</span> <span class='ocrx_word' id='word_1_209' title='bbox 1396 3293 1495 3346; x_wconf 91' lang='lat' dir='ltr'>ne</span> <span class='ocrx_word' id='word_1_210' title='bbox 1531 3291 1826 3350; x_wconf 88' lang='lat' dir='ltr'>temere</span> <span class='ocrx_word' id='word_1_211' title='bbox 1870 3265 2276 3350; x_wconf 90' lang='lat' dir='ltr'>videamur</span> <span class='ocrx_word' id='word_1_212' title='bbox 2327 3272 2619 3350; x_wconf 90' lang='lat' dir='ltr'>oratori</span> <span class='ocrx_word' id='word_1_213' title='bbox 2668 3279 3054 3358; x_wconf 86' lang='lat' dir='ltr'>maximo</span> <span class='ocrx_word' id='word_1_214' title='bbox 3094 3275 3192 3358; x_wconf 91' lang='lat' dir='ltr'>de</span> <span class='ocrx_word' id='word_1_215' title='bbox 3229 3284 3468 3355; x_wconf 87' lang='lat' dir='ltr'>nomi-</span> 
     </span>
     <span class='ocr_line' id='line_1_28' title="bbox 1146 3378 3469 3493; baseline 0.003 -37"><span class='ocrx_word' id='word_1_216' title='bbox 1146 3406 1248 3456; x_wconf 89' lang='lat' dir='ltr'>ne</span> <span class='ocrx_word' id='word_1_217' title='bbox 1302 3382 1482 3456; x_wconf 84' lang='lat' dir='ltr'>artis</span> <span class='ocrx_word' id='word_1_218' title='bbox 1537 3378 1681 3457; x_wconf 84' lang='lat' dir='ltr'>suae</span> <span class='ocrx_word' id='word_1_219' title='bbox 1735 3378 2153 3461; x_wconf 80' lang='lat' dir='ltr'>credidisse.</span> <span class='ocrx_word' id='word_1_220' title='bbox 2239 3385 2488 3488; x_wconf 18' lang='lat' dir='ltr'>‚Igitur</span> <span class='ocrx_word' id='word_1_221' title='bbox 2541 3383 2952 3467; x_wconf 85' lang='lat' dir='ltr'>rhetorice</span> <span class='ocrx_word' id='word_1_222' title='bbox 3008 3401 3043 3487; x_wconf 91' lang='lat'>(</span> <span class='ocrx_word' id='word_1_223' title='bbox 3060 3393 3218 3493; x_wconf 85' lang='lat' dir='ltr'>jam</span> <span class='ocrx_word' id='word_1_224' title='bbox 3265 3387 3469 3465; x_wconf 86' lang='lat' dir='ltr'>enim</span> 
     </span>
     <span class='ocr_line' id='line_1_29' title="bbox 1142 3488 3469 3605; baseline 0.006 -35"><span class='ocrx_word' id='word_1_225' title='bbox 1142 3488 1300 3570; x_wconf 82' lang='lat' dir='ltr'>fine</span> <span class='ocrx_word' id='word_1_226' title='bbox 1359 3510 1576 3568; x_wconf 90' lang='lat' dir='ltr'>metu</span> <span class='ocrx_word' id='word_1_227' title='bbox 1635 3490 2138 3590; x_wconf 82' lang='lat' dir='ltr'>cavillationis</span> <span class='ocrx_word' id='word_1_228' title='bbox 2190 3515 2504 3575; x_wconf 89' lang='lat' dir='ltr'>utemur</span> <span class='ocrx_word' id='word_1_229' title='bbox 2543 3493 2685 3574; x_wconf 86' lang='lat' dir='ltr'>hac</span> <span class='ocrx_word' id='word_1_230' title='bbox 2728 3501 3320 3605; x_wconf 87' lang='lat' dir='ltr'>appellatione)</span> <span class='ocrx_word' id='word_1_231' title='bbox 3364 3496 3469 3584; x_wconf 69' lang='lat' dir='ltr'>sic,</span> 
     </span>
     <span class='ocr_line' id='line_1_30' title="bbox 1142 3601 3469 3711; baseline 0.003 -29"><span class='ocrx_word' id='word_1_232' title='bbox 1142 3622 1231 3682; x_wconf 92' lang='lat' dir='ltr'>ut</span> <span class='ocrx_word' id='word_1_233' title='bbox 1276 3602 1562 3704; x_wconf 89' lang='lat' dir='ltr'>opinor</span> <span class='ocrx_word' id='word_1_234' title='bbox 1603 3656 1626 3694; x_wconf 86' lang='lat'>,</span> <span class='ocrx_word' id='word_1_235' title='bbox 1681 3601 1988 3711; x_wconf 81' lang='lat' dir='ltr'>optime</span> <span class='ocrx_word' id='word_1_236' title='bbox 2044 3601 2437 3702; x_wconf 84' lang='lat' dir='ltr'>dividetur</span> <span class='ocrx_word' id='word_1_237' title='bbox 2467 3663 2488 3690; x_wconf 88' lang='lat'><em>,</em></span> <span class='ocrx_word' id='word_1_238' title='bbox 2546 3629 2632 3686; x_wconf 90' lang='lat' dir='ltr'>ut</span> <span class='ocrx_word' id='word_1_239' title='bbox 2674 3604 2772 3688; x_wconf 90' lang='lat' dir='ltr'>de</span> <span class='ocrx_word' id='word_1_240' title='bbox 2828 3609 3064 3706; x_wconf 82' lang='lat' dir='ltr'>arte,</span> <span class='ocrx_word' id='word_1_241' title='bbox 3110 3612 3216 3697; x_wconf 86' lang='lat' dir='ltr'>de.</span> <span class='ocrx_word' id='word_1_242' title='bbox 3261 3606 3469 3694; x_wconf 85' lang='lat' dir='ltr'>artifi-</span> 
     </span>
     <span class='ocr_line' id='line_1_31' title="bbox 1144 3708 3467 3834; baseline 0.003 -42"><span class='ocrx_word' id='word_1_243' title='bbox 1144 3738 1271 3802; x_wconf 87' lang='lat' dir='ltr'>ce,</span> <span class='ocrx_word' id='word_1_244' title='bbox 1317 3708 1413 3789; x_wconf 90' lang='lat' dir='ltr'>de</span> <span class='ocrx_word' id='word_1_245' title='bbox 1468 3727 1719 3819; x_wconf 82' lang='lat' dir='ltr'>opere</span> <span class='ocrx_word' id='word_1_246' title='bbox 1743 3712 2112 3794; x_wconf 87' lang='lat' dir='ltr'>dicamus.</span> <span class='ocrx_word' id='word_1_247' title='bbox 2181 3723 2331 3797; x_wconf 90' lang='lat' dir='ltr'>Ars</span> <span class='ocrx_word' id='word_1_248' title='bbox 2374 3724 2564 3809; x_wconf 89' lang='lat' dir='ltr'>erit,</span> <span class='ocrx_word' id='word_1_249' title='bbox 2607 3744 2779 3826; x_wconf 82' lang='lat' dir='ltr'>qua:</span> <span class='ocrx_word' id='word_1_250' title='bbox 2845 3719 3287 3834; x_wconf 73' lang='lat' dir='ltr'>disciplina</span> <span class='ocrx_word' id='word_1_251' title='bbox 3326 3751 3467 3833; x_wconf 90' lang='lat' dir='ltr'>per-</span> 
     </span>
     <span class='ocr_line' id='line_1_32' title="bbox 1142 3818 3466 3938; baseline 0.008 -40"><span class='ocrx_word' id='word_1_252' title='bbox 1142 3824 1297 3938; x_wconf 63' lang='lat' dir='ltr'>cipi</span> <span class='ocrx_word' id='word_1_253' title='bbox 1338 3818 1608 3902; x_wconf 89' lang='lat' dir='ltr'>debet:</span> <span class='ocrx_word' id='word_1_254' title='bbox 1674 3852 1763 3904; x_wconf 91' lang='lat' dir='ltr'>ea</span> <span class='ocrx_word' id='word_1_255' title='bbox 1814 3825 1924 3905; x_wconf 87' lang='lat' dir='ltr'>est</span> <span class='ocrx_word' id='word_1_256' title='bbox 1957 3826 2154 3906; x_wconf 87' lang='lat' dir='ltr'>bene</span> <span class='ocrx_word' id='word_1_257' title='bbox 2196 3825 2503 3909; x_wconf 88' lang='lat' dir='ltr'>dicendi</span> <span class='ocrx_word' id='word_1_258' title='bbox 2541 3826 2881 3914; x_wconf 88' lang='lat' dir='ltr'>scientia.</span> <span class='ocrx_word' id='word_1_259' title='bbox 2990 3839 3332 3922; x_wconf 86' lang='lat' dir='ltr'>Artifex</span> <span class='ocrx_word' id='word_1_260' title='bbox 3369 3835 3466 3918; x_wconf 44' lang='lat' dir='ltr'>estw</span> 
     </span>
     <span class='ocr_line' id='line_1_33' title="bbox 1141 3936 3467 4059; baseline 0.006 -46"><span class='ocrx_word' id='word_1_261' title='bbox 1141 3937 1276 4046; x_wconf 89' lang='lat' dir='ltr'>qui</span> <span class='ocrx_word' id='word_1_262' title='bbox 1314 3937 1644 4042; x_wconf 88' lang='lat' dir='ltr'>percipit</span> <span class='ocrx_word' id='word_1_263' title='bbox 1692 3936 1892 4021; x_wconf 89' lang='lat' dir='ltr'>hanc</span> <span class='ocrx_word' id='word_1_264' title='bbox 1961 3958 2208 4019; x_wconf 88' lang='lat' dir='ltr'>artem</span> <span class='ocrx_word' id='word_1_265' title='bbox 2247 3997 2273 4035; x_wconf 77' lang='lat'><em>,</em></span> <span class='ocrx_word' id='word_1_266' title='bbox 2349 3941 2432 4023; x_wconf 90' lang='lat' dir='ltr'>id</span> <span class='ocrx_word' id='word_1_267' title='bbox 2486 3939 2598 4023; x_wconf 90' lang='lat' dir='ltr'>est</span> <span class='ocrx_word' id='word_1_268' title='bbox 2644 3965 2939 4026; x_wconf 87' lang='lat' dir='ltr'>orator</span> <span class='ocrx_word' id='word_1_269' title='bbox 2983 4003 3014 4042; x_wconf 85' lang='lat'>,</span> <span class='ocrx_word' id='word_1_270' title='bbox 3084 3956 3317 4059; x_wconf 82' lang='lat' dir='ltr'>cujus</span> <span class='ocrx_word' id='word_1_271' title='bbox 3392 3947 3467 4029; x_wconf 72' lang='lat' dir='ltr'>ess</span> 
     </span>
    </p>
   </div>
   <div class='ocr_carea' id='block_1_3' title="bbox 3195 4066 3467 4150">
    <p class='ocr_par' dir='ltr' id='par_1_3' title="bbox 3195 4066 3467 4150">
     <span class='ocr_line' id='line_1_34' title="bbox 3195 4066 3467 4150; baseline -0.029 0"><span class='ocrx_word' id='word_1_272' title='bbox 3195 4066 3467 4150; x_wconf 59' lang='lat' dir='ltr'>summi</span> 
     </span>
    </p>
   </div>
  </div>
 </body>
</html>
