3557 5113
308 143 534 430 De
588 191 1024 476 Irgstit.
1095 202 1806 471 Oratoria,
1860 267 2159 427 Lib.
2189 271 2363 432 II.
2567 310 2809 460 3119

181 601 505 706 premium.
600 601 791 698 Qae
822 596 879 678 si
917 626 1100 680 vera
1140 599 1414 693 essent,
1466 599 1981 706 pessimorum
2022 607 2443 690 hominum
2469 639 2657 717 CM..
2678 636 2862 721 xv,

198 709 382 798 foret,
442 709 606 788 haec
661 733 823 790 tam
863 714 1289 817 perniciosa
1334 714 1893 799 nocentiffimis
1931 721 2279 803 moribus
2315 720 2443 802 da·

192 848 258 899 re
299 820 816 907 instrumenta,
858 830 934 904 ὅ(
958 829 1385 932 nequitiam
1409 833 1811 933 praeceptis
1852 830 2232 937 adjuvare.
2288 834 2446 914 Sed*

192 932 278 1012 illi
357 938 734 1024 rationem
826 940 1221 1042 opinionis
1295 937 1441 1020 suae
1519 938 1879 1022 viderint.
2048 950 2215 1024 Nos
2309 974 2440 1025 au·-

190 1065 313 1123 tem
333 1044 630 1152 ingrcssi
658 1047 997 1127 formare
1034 1050 1458 1154 perfectum
1498 1073 1894 1134 oratorem
1917 1109 1939 1144 ‚
2031 1083 2272 1163 quem
2327 1060 2454 1137 in-·

190 1160 398 1260 primis
447 1157 595 1237 esse
637 1162 895 1241 virum
952 1162 1249 1240 bonum
1309 1164 1672 1245 volumus
1697 1220 1719 1256 ,
1787 1166 1885 1245 ad
1934 1194 2067 1245 eos
2143 1172 2279 1276 qui
2343 1167 2442 1250 de

193 1269 303 1347 hoc
347 1298 571 1376 opere
638 1269 917 1351 melius
977 1272 1352 1364 sentiunt,
1418 1298 1922 1357 revertamur.
2069 1281 2441 1360 Rhetori-

185 1407 297 1459 cen
336 1405 581 1463 autem
653 1382 975 1490 quidam
1053 1385 1384 1465 eandem
1441 1386 1898 1468 civilitatem
1954 1387 2099 1467 effe
2149 1390 2441 1495 judica-

185 1517 438 1573 verunt:
480 1497 795 1575 'Cicero
817 1498 1137 1601 ſsientiae
1181 1500 1419 1577 civilis
1456 1522 1748 1610 partem
1805 1522 2054 1583 vocat.
2168 1503 2438 1584 Civilis

184 1630 393 1685 autem
433 1606 743 1686 scientia
794 1605 1008 1687 idem
1043 1608 1261 1718 quod
1316 1607 1679 1716 sapientia
1720 1612 1851 1691 est.
1949 1611 2294 1717 Qidam
2324 1636 2436 1693 et-

183 1717 301 1797 iam
336 1718 850 1826 philosophiae.
993 1718 1144 1801 Sed
1177 1720 1519 1800 Isocratis
1558 1723 1740 1804 huic
1792 1726 1953 1823 ejus
2010 1724 2438 1806 substantia:-

182 1834 457 1911 maxime
493 1834 869 1914 convenit
919 1830 1174 1913 finitio
1189 1891 1210 1917 ‚
1275 1831 1689 1930 Rhetoricen
1738 1833 1857 1943 ff
1912 1833 2084 1916 bene
2146 1838 2437 1918 dicendi

170 1941 493 2044 βιαίου.
615 1949 829 2023 Nam
875 1948 956 2025 &
1011 1949 1377 2026 orationis
1454 1973 1729 2026 omnes
1804 1951 2125 2030 virtutes
2197 1950 2439 2029 semel

179 2057 702 2162 complestitur,
747 2063 828 2137 δε
864 2063 1217 2164 protinus
1253 2084 1515 2137 mores
1549 2061 1788 2138 etiam
1828 2063 2199 2157 oratoris3
2252 2086 2439 2142 cum
2499 2096 2502 2103 f

172 2163 331 2248 bene
379 2168 630 2251 dicere
680 2196 847 2249 non
899 2167 1131 2276 poffit
1182 2167 1322 2248 nisi
1371 2173 1494 2249 vir
1548 2171 1813 2250 bonus.
1959 2170 2175 2250 Idem
2227 2173 2436 2255 valet

171 2278 525 2388 Chrysippi
578 2280 764 2362 finis
830 2280 961 2361 ille
1013 2281 1282 2361 dudlus
1346 2308 1391 2360 a
1441 2278 1816 2362 Cleanthe
1834 2339 1855 2372 ‚
1878 2285 2196 2390 seientia
2254 2293 2441 2365 rcere

165 2388 435 2470 dicendi.
502 2400 684 2476 Sunt
724 2393 990 2503 plures
1025 2392 1364 2496 ejusdem
1385 2448 1409 2481 ‚
1453 2391 1583 2473 sed
1613 2392 1708 2473 ad
1750 2394 1934 2474 alias
1981 2394 2435 2502 quaestiones

163 2505 388 2609 magis
414 2511 808 2613 pertinent.
922 2505 1142 2589 Idem
1187 2504 1499 2585 sentiret
1530 2503 1704 2586 finis
1740 2505 1895 2587 hoc
1931 2503 2180 2587 modo
2213 2534 2434 2587 com-

163 2616 564 2718 prehensm,
616 2619 1047 2727 perfimdere
1083 2615 1281 2730 quod
1313 2642 1621 2729 oporteat
1641 2654 1666 2695 .·
1730 2617 1873 2699 nifi
1915 2616 2135 2727 quod
2180 2642 2431 2703 artem

162 2723 242 2805 ad
282 2732 559 2814 exitum
620 2734 910 2839 alligat.
1004 2736 1215 2811 Bene
1245 2736 1496 2812 Areus
1525 2787 1550 2822 ‚
1570 2738 1824 2814 Dicere
1836 2732 2234 2838 ficundum
2273 2741 2428 2812 vir«

176 2861 347 2919 tutem
389 2853 746 2927 orationis.
846 2841 1281 2924 Excludunt
1337 2870 1382 2922 a
1423 2842 1814 2925 rhetorice
1877 2844 2125 2923 malos
2177 2848 2257 2925 ὅτ.
2311 2843 2428 2924 illi

168 2955 274 3055 qui
309 2953 688 3039 scientiam
735 2954 1087 3036 civilium
1120 2956 1575 3037 officiorum
1607 2983 1785 3036 eam
1830 2975 2338 3062 putaverunt,
2372 2953 2432 3035 fi

161 3060 491 3153 scientiam
553 3076 946 3154 virtutem
1016 3067 1405 3171 judicant:
1489 3063 1622 3145 sed
1681 3067 1995 3172 anguste
2074 3073 2462 3175 intraque.

159 3177 378 3259 civiles
428 3183 892 3292 quaestiones
940 3202 1325 3261 coercent.
1449 3175 1814 3257 Albutius
1856 3206 2021 3258 non
2068 3178 2432 3258 obscurus

159 3289 473 3390 professor
522 3319 772 3404 atque
831 3294 1134 3385 austm,
1208 3289 1611 3372 scientiam
1670 3288 1867 3367 bene
1925 3287 2235 3370 dicendi
2279 3286 2460 3368 esse:¹
2553 3293 2556 3296 ’

162 3402 516 3488 consentit:
584 3406 726 3488 sed
759 3404 1343 3511 exceptionibus
1386 3422 1658 3508 peccat
1676 3455 1698 3492 ,
1750 3399 2187 3505 adjiciendo
2208 3455 2232 3492 ‚
2288 3406 2432 3482 cir-

163 3538 233 3586 ca
261 3524 475 3601 civiles
512 3522 964 3632 qusstivnes,
1003 3523 1082 3598 ὅ(
1119 3512 1575 3598 credibiliter.
1667 3540 2002 3620 quarum
2037 3515 2199 3614 jam
2237 3516 2429 3593 utri-

166 3643 288 3726 que
311 3632 749 3741 responsum
790 3630 919 3712 est.
1011 3628 1426 3711 Probabilis
1477 3631 1558 3706 δε
1604 3623 1720 3705 illi
1769 3625 2189 3709 voluntatis
2218 3679 2241 3711 2
2290 3626 2436 3732 qui

166 3736 333 3815 reste
376 3744 644 3827 sentire
732 3748 818 3827 &
876 3744 1135 3824 dicere
1166 3800 1192 3828 ,
1256 3741 1679 3820 rhetorices
1736 3741 2225 3845 putaverunt.
2317 3740 2435 3817 Hi

152 3838 309 3928 stmt
348 3853 472 3938 fere
518 3858 746 3939 fines
801 3858 1146 3938 maxime
1192 3851 1558 3943 illustra,
1616 3855 1705 3931 &
1755 3849 1870 3932 de>
1915 3851 2189 3961 quibus
2234 3872 2454 3956 prae--

144 3961 340 4065 cipue
374 3965 832 4080 disputatur.
928 3973 1138 4049 Nam
1177 3991 1449 4049 omnes
1487 3962 1811 4072 quidem
1853 3965 2254 4070 persequi,
2291 3987 2454 4041 ne«.

134 4095 265 4182 que
299 4086 602 4173 attinet,
682 4105 959 4189 neque
998 4077 1334 4194 postiam:
1411 4104 1597 4158 cum
1638 4103 1975 4188 pravum
2029 4068 2458 4269 ςυοάἀῗηῖ

2349 4205 2402 4259 u
