<?xml version="1.0" encoding="UTF-8"?>
<!DOCTYPE html PUBLIC "-//W3C//DTD XHTML 1.0 Transitional//EN"
    "http://www.w3.org/TR/xhtml1/DTD/xhtml1-transitional.dtd">
<html xmlns="http://www.w3.org/1999/xhtml" xml:lang="en" lang="en">
 <head>
  <title>
</title>
<meta http-equiv="Content-Type" content="text/html;charset=utf-8" />
  <meta name='ocr-system' content='tesseract 3.04.00' />
  <meta name='ocr-capabilities' content='ocr_page ocr_carea ocr_par ocr_line ocrx_word'/>
</head>
<body>
  <div class='ocr_page' id='page_1' title='image "./deinstitutioneo00obregoog_0753.png"; bbox 0 0 3557 5113; ppageno 0'>
   <div class='ocr_carea' id='block_1_1' title="bbox 278 241 2813 496">
    <p class='ocr_par' dir='ltr' id='par_1_1' title="bbox 278 235 2813 496">
     <span class='ocr_line' id='line_1_1' title="bbox 278 241 2813 496; baseline -0.008 -39"><span class='ocrx_word' id='word_1_1' title='bbox 278 291 516 455; x_wconf 85' lang='lat' dir='ltr'>De</span> <span class='ocrx_word' id='word_1_2' title='bbox 553 281 2109 496; x_wconf 66' lang='lat' dir='ltr'>[fflit.·0rat0ria-,·Lib.³</span> <span class='ocrx_word' id='word_1_3' title='bbox 2169 241 2358 460; x_wconf 91' lang='lat' dir='ltr'>X.</span> <span class='ocrx_word' id='word_1_4' title='bbox 2597 291 2813 408; x_wconf 83' lang='lat'>611·</span> 
     </span>
    </p>
   </div>
   <div class='ocr_carea' id='block_1_2' title="bbox 134 601 2847 4266">
    <p class='ocr_par' dir='ltr' id='par_1_2' title="bbox 134 601 2847 4266">
     <span class='ocr_line' id='line_1_2' title="bbox 195 601 2847 712; baseline -0.002 -22"><span class='ocrx_word' id='word_1_5' title='bbox 195 619 629 690; x_wconf 74' lang='lat' dir='ltr'>eontentum</span> <span class='ocrx_word' id='word_1_6' title='bbox 652 603 797 685; x_wconf 84' lang='lat' dir='ltr'>esse</span> <span class='ocrx_word' id='word_1_7' title='bbox 834 605 926 694; x_wconf 84' lang='lat' dir='ltr'>iis</span> <span class='ocrx_word' id='word_1_8' title='bbox 951 628 1130 712; x_wconf 85' lang='lat' dir='ltr'>quae</span> <span class='ocrx_word' id='word_1_9' title='bbox 1149 601 1321 683; x_wconf 88' lang='lat' dir='ltr'>sunt</span> <span class='ocrx_word' id='word_1_10' title='bbox 1340 601 1436 684; x_wconf 81' lang='lat' dir='ltr'>ab</span> <span class='ocrx_word' id='word_1_11' title='bbox 1471 601 1630 685; x_wconf 70' lang='lat' dir='ltr'>iliis</span> <span class='ocrx_word' id='word_1_12' title='bbox 1660 601 1992 687; x_wconf 79' lang='lat' dir='ltr'>inventa.</span> <span class='ocrx_word' id='word_1_13' title='bbox 2019 602 2233 711; x_wconf 76' lang='lat' dir='ltr'>Qid</span> <span class='ocrx_word' id='word_1_14' title='bbox 2252 607 2483 689; x_wconf 67' lang='lat' dir='ltr'>enim*</span> <span class='ocrx_word' id='word_1_15' title='bbox 2549 626 2726 707; x_wconf 63' lang='lat' dir='ltr'>CA».</span> <span class='ocrx_word' id='word_1_16' title='bbox 2744 623 2847 701; x_wconf 65' lang='lat'>11,¹</span> 
     </span>
     <span class='ocr_line' id='line_1_3' title="bbox 196 713 2469 825; baseline 0.002 -28"><span class='ocrx_word' id='word_1_17' title='bbox 196 717 527 798; x_wconf 82' lang='lat' dir='ltr'>futurum</span> <span class='ocrx_word' id='word_1_18' title='bbox 562 738 728 799; x_wconf 89' lang='lat' dir='ltr'>erat</span> <span class='ocrx_word' id='word_1_19' title='bbox 757 718 1235 822; x_wconf 79' lang='lat' dir='ltr'>temporibus</span> <span class='ocrx_word' id='word_1_20' title='bbox 1277 715 1422 795; x_wconf 81' lang='lat' dir='ltr'>illis</span> <span class='ocrx_word' id='word_1_21' title='bbox 1451 742 1623 823; x_wconf 83' lang='lat' dir='ltr'>quae</span> <span class='ocrx_word' id='word_1_22' title='bbox 1692 714 1852 797; x_wconf 85' lang='lat' dir='ltr'>fine</span> <span class='ocrx_word' id='word_1_23' title='bbox 1902 717 2273 825; x_wconf 86' lang='lat' dir='ltr'>exemplo</span> <span class='ocrx_word' id='word_1_24' title='bbox 2305 713 2469 801; x_wconf 56' lang='lat' dir='ltr'>fue-&#39;-</span> 
     </span>
     <span class='ocr_line' id='line_1_4' title="bbox 134 826 2489 937; baseline 0.001 -27"><span class='ocrx_word' id='word_1_25' title='bbox 134 933 138 937; x_wconf 66' lang='lat'><em>,</em></span> <span class='ocrx_word' id='word_1_26' title='bbox 194 853 382 919; x_wconf 78' lang='lat' dir='ltr'>mut,</span> <span class='ocrx_word' id='word_1_27' title='bbox 409 829 465 911; x_wconf 83' lang='lat' dir='ltr'><strong>fi</strong></span> <span class='ocrx_word' id='word_1_28' title='bbox 487 830 846 910; x_wconf 89' lang='lat' dir='ltr'>homines</span> <span class='ocrx_word' id='word_1_29' title='bbox 867 829 1062 909; x_wconf 86' lang='lat' dir='ltr'>nibil</span> <span class='ocrx_word' id='word_1_30' title='bbox 1097 827 1237 908; x_wconf 77' lang='lat' dir='ltr'>nisi</span> <span class='ocrx_word' id='word_1_31' title='bbox 1269 826 1482 936; x_wconf 88' lang='lat' dir='ltr'>quod</span> <span class='ocrx_word' id='word_1_32' title='bbox 1502 832 1661 929; x_wconf 84' lang='lat' dir='ltr'>jam</span> <span class='ocrx_word' id='word_1_33' title='bbox 1680 829 2250 935; x_wconf 71' lang='lat' dir='ltr'><strong>cognovissent,</strong></span> <span class='ocrx_word' id='word_1_34' title='bbox 2283 829 2489 932; x_wconf 76' lang='lat' dir='ltr'>faci-3</span> 
     </span>
     <span class='ocr_line' id='line_1_5' title="bbox 195 938 2477 1048; baseline 0.001 -26"><span class='ocrx_word' id='word_1_35' title='bbox 195 940 471 1022; x_wconf 79' lang='lat' dir='ltr'>endum</span> <span class='ocrx_word' id='word_1_36' title='bbox 507 938 643 1024; x_wconf 84' lang='lat' dir='ltr'>fibi</span> <span class='ocrx_word' id='word_1_37' title='bbox 681 963 813 1021; x_wconf 87' lang='lat' dir='ltr'>aut</span> <span class='ocrx_word' id='word_1_38' title='bbox 851 939 1356 1045; x_wconf 85' lang='lat' dir='ltr'>cogitandum</span> <span class='ocrx_word' id='word_1_39' title='bbox 1399 941 1774 1046; x_wconf 79' lang='lat' dir='ltr'>putassent</span> <span class='ocrx_word' id='word_1_40' title='bbox 1798 949 1836 1020; x_wconf 84' lang='lat'><em>?</em></span> <span class='ocrx_word' id='word_1_41' title='bbox 1915 947 2226 1048; x_wconf 84' lang='lat' dir='ltr'>Nempe</span> <span class='ocrx_word' id='word_1_42' title='bbox 2270 942 2477 1028; x_wconf 81' lang='lat' dir='ltr'>nibil</span> 
     </span>
     <span class='ocr_line' id='line_1_6' title="bbox 195 1052 2491 1162; baseline -0.004 -26"><span class='ocrx_word' id='word_1_43' title='bbox 195 1052 419 1136; x_wconf 71' lang='lat' dir='ltr'>fuisset</span> <span class='ocrx_word' id='word_1_44' title='bbox 450 1056 877 1133; x_wconf 80' lang='lat' dir='ltr'>inventum.</span> <span class='ocrx_word' id='word_1_45' title='bbox 913 1057 1076 1132; x_wconf 90' lang='lat' dir='ltr'>Cur</span> <span class='ocrx_word' id='word_1_46' title='bbox 1105 1055 1338 1159; x_wconf 83' lang='lat' dir='ltr'>igitur</span> <span class='ocrx_word' id='word_1_47' title='bbox 1356 1052 1564 1131; x_wconf 90' lang='lat' dir='ltr'>nefas</span> <span class='ocrx_word' id='word_1_48' title='bbox 1600 1053 1711 1132; x_wconf 87' lang='lat' dir='ltr'>est</span> <span class='ocrx_word' id='word_1_49' title='bbox 1740 1056 2064 1158; x_wconf 90' lang='lat' dir='ltr'>reperiri</span> <span class='ocrx_word' id='word_1_50' title='bbox 2107 1053 2401 1162; x_wconf 90' lang='lat' dir='ltr'>aliquid</span> <span class='ocrx_word' id='word_1_51' title='bbox 2422 1081 2491 1135; x_wconf 84' lang='lat' dir='ltr'>a:</span> 
     </span>
     <span class='ocr_line' id='line_1_7' title="bbox 195 1162 2495 1272; baseline 0.002 -30"><span class='ocrx_word' id='word_1_52' title='bbox 195 1165 430 1253; x_wconf 86' lang='lat' dir='ltr'>nobis,</span> <span class='ocrx_word' id='word_1_53' title='bbox 464 1162 680 1272; x_wconf 90' lang='lat' dir='ltr'>quod</span> <span class='ocrx_word' id='word_1_54' title='bbox 701 1186 880 1244; x_wconf 89' lang='lat' dir='ltr'>ante</span> <span class='ocrx_word' id='word_1_55' title='bbox 921 1190 1085 1243; x_wconf 88' lang='lat' dir='ltr'>non</span> <span class='ocrx_word' id='word_1_56' title='bbox 1124 1167 1350 1244; x_wconf 90' lang='lat' dir='ltr'>fuerit</span> <span class='ocrx_word' id='word_1_57' title='bbox 1371 1169 1410 1240; x_wconf 62' lang='grc' dir='ltr'>,Ρ</span> <span class='ocrx_word' id='word_1_58' title='bbox 1442 1164 1704 1243; x_wconf 90' lang='lat' dir='ltr'>Anilli</span> <span class='ocrx_word' id='word_1_59' title='bbox 1728 1162 1956 1245; x_wconf 90' lang='lat' dir='ltr'>rudes</span> <span class='ocrx_word' id='word_1_60' title='bbox 1990 1165 2150 1245; x_wconf 90' lang='lat' dir='ltr'>sola</span> <span class='ocrx_word' id='word_1_61' title='bbox 2181 1170 2495 1248; x_wconf 65' lang='lat' dir='ltr'>mentis-1</span> 
     </span>
     <span class='ocr_line' id='line_1_8' title="bbox 193 1273 2491 1381; baseline 0.003 -27"><span class='ocrx_word' id='word_1_62' title='bbox 193 1298 443 1358; x_wconf 86' lang='lat' dir='ltr'>natura</span> <span class='ocrx_word' id='word_1_63' title='bbox 464 1276 674 1362; x_wconf 60' lang='lat' dir='ltr'>ducti</span> <span class='ocrx_word' id='word_1_64' title='bbox 705 1275 874 1355; x_wconf 91' lang='lat' dir='ltr'>sunt</span> <span class='ocrx_word' id='word_1_65' title='bbox 909 1279 987 1352; x_wconf 91' lang='lat' dir='ltr'>in</span> <span class='ocrx_word' id='word_1_66' title='bbox 1009 1276 1161 1355; x_wconf 90' lang='lat' dir='ltr'>hoc</span> <span class='ocrx_word' id='word_1_67' title='bbox 1201 1297 1286 1355; x_wconf 92' lang='lat' dir='ltr'>ut</span> <span class='ocrx_word' id='word_1_68' title='bbox 1322 1299 1486 1354; x_wconf 86' lang='lat' dir='ltr'>tam</span> <span class='ocrx_word' id='word_1_69' title='bbox 1520 1277 1766 1356; x_wconf 83' lang='lat' dir='ltr'>multa</span> <span class='ocrx_word' id='word_1_70' title='bbox 1800 1273 2276 1381; x_wconf 78' lang='lat' dir='ltr'>generarent,</span> <span class='ocrx_word' id='word_1_71' title='bbox 2321 1305 2491 1360; x_wconf 80' lang='lat' dir='ltr'>nos·</span> 
     </span>
     <span class='ocr_line' id='line_1_9' title="bbox 190 1384 2491 1495; baseline -0.002 -29"><span class='ocrx_word' id='word_1_72' title='bbox 190 1385 278 1466; x_wconf 84' lang='lat' dir='ltr'>ad</span> <span class='ocrx_word' id='word_1_73' title='bbox 304 1384 806 1494; x_wconf 82' lang='lat' dir='ltr'>quaerendum</span> <span class='ocrx_word' id='word_1_74' title='bbox 832 1413 994 1466; x_wconf 89' lang='lat' dir='ltr'>non</span> <span class='ocrx_word' id='word_1_75' title='bbox 1038 1412 1137 1467; x_wconf 91' lang='lat' dir='ltr'>eo</span> <span class='ocrx_word' id='word_1_76' title='bbox 1170 1384 1337 1494; x_wconf 92' lang='lat' dir='ltr'>ipso</span> <span class='ocrx_word' id='word_1_77' title='bbox 1370 1391 1858 1468; x_wconf 85' lang='lat' dir='ltr'>concitemur</span> <span class='ocrx_word' id='word_1_78' title='bbox 1913 1441 1937 1477; x_wconf 84' lang='lat'>,</span> <span class='ocrx_word' id='word_1_79' title='bbox 1994 1386 2208 1495; x_wconf 92' lang='lat' dir='ltr'>quod</span> <span class='ocrx_word' id='word_1_80' title='bbox 2255 1411 2491 1470; x_wconf 56' lang='lat' dir='ltr'>certess</span> 
     </span>
     <span class='ocr_line' id='line_1_10' title="bbox 194 1496 2493 1608; baseline 0.002 -30"><span class='ocrx_word' id='word_1_81' title='bbox 194 1496 449 1581; x_wconf 80' lang='lat' dir='ltr'>scimus</span> <span class='ocrx_word' id='word_1_82' title='bbox 486 1498 851 1580; x_wconf 75' lang='lat' dir='ltr'>invenisse</span> <span class='ocrx_word' id='word_1_83' title='bbox 888 1525 1022 1578; x_wconf 89' lang='lat' dir='ltr'>eos</span> <span class='ocrx_word' id='word_1_84' title='bbox 1053 1502 1189 1606; x_wconf 90' lang='lat' dir='ltr'>qui</span> <span class='ocrx_word' id='word_1_85' title='bbox 1238 1496 1752 1607; x_wconf 69' lang='lat' dir='ltr'>quaesierunt?</span> <span class='ocrx_word' id='word_1_86' title='bbox 1797 1504 1892 1578; x_wconf 88' lang='lat' dir='ltr'>Et</span> <span class='ocrx_word' id='word_1_87' title='bbox 1913 1524 2092 1578; x_wconf 92' lang='lat' dir='ltr'>cum</span> <span class='ocrx_word' id='word_1_88' title='bbox 2115 1498 2234 1578; x_wconf 89' lang='lat' dir='ltr'>illi</span> <span class='ocrx_word' id='word_1_89' title='bbox 2274 1554 2298 1591; x_wconf 88' lang='lat'>‚</span> <span class='ocrx_word' id='word_1_90' title='bbox 2331 1504 2493 1608; x_wconf 72' lang='lat' dir='ltr'>quir</span> 
     </span>
     <span class='ocr_line' id='line_1_11' title="bbox 193 1609 2489 1718; baseline 0.002 -29"><span class='ocrx_word' id='word_1_91' title='bbox 193 1610 485 1694; x_wconf 85' lang='lat' dir='ltr'>nullum</span> <span class='ocrx_word' id='word_1_92' title='bbox 515 1610 959 1718; x_wconf 84' lang='lat' dir='ltr'>cujusquam</span> <span class='ocrx_word' id='word_1_93' title='bbox 997 1615 1108 1689; x_wconf 92' lang='lat' dir='ltr'>rei</span> <span class='ocrx_word' id='word_1_94' title='bbox 1152 1612 1583 1690; x_wconf 81' lang='lat' dir='ltr'>habuerunt</span> <span class='ocrx_word' id='word_1_95' title='bbox 1604 1609 2057 1718; x_wconf 87' lang='lat' dir='ltr'>magistrum</span> <span class='ocrx_word' id='word_1_96' title='bbox 2082 1665 2105 1700; x_wconf 88' lang='lat'>,</span> <span class='ocrx_word' id='word_1_97' title='bbox 2133 1610 2489 1717; x_wconf 61' lang='lat' dir='ltr'>plurimaz</span> 
     </span>
     <span class='ocr_line' id='line_1_12' title="bbox 194 1721 2541 1831; baseline -0.002 -23"><span class='ocrx_word' id='word_1_98' title='bbox 194 1724 266 1808; x_wconf 59' lang='lat' dir='ltr'>in</span> <span class='ocrx_word' id='word_1_99' title='bbox 296 1723 643 1831; x_wconf 89' lang='lat' dir='ltr'>posteros</span> <span class='ocrx_word' id='word_1_100' title='bbox 679 1721 1141 1802; x_wconf 85' lang='lat' dir='ltr'>tradiderint</span> <span class='ocrx_word' id='word_1_101' title='bbox 1174 1779 1197 1814; x_wconf 88' lang='lat'>‚</span> <span class='ocrx_word' id='word_1_102' title='bbox 1241 1723 1461 1802; x_wconf 86' lang='lat' dir='ltr'>nobis</span> <span class='ocrx_word' id='word_1_103' title='bbox 1501 1722 1672 1801; x_wconf 90' lang='lat' dir='ltr'>usus</span> <span class='ocrx_word' id='word_1_104' title='bbox 1701 1723 2007 1801; x_wconf 87' lang='lat' dir='ltr'>illarum</span> <span class='ocrx_word' id='word_1_105' title='bbox 2066 1751 2329 1802; x_wconf 91' lang='lat' dir='ltr'>rerum</span> <span class='ocrx_word' id='word_1_106' title='bbox 2374 1723 2475 1804; x_wconf 86' lang='lat' dir='ltr'>ad</span> <span class='ocrx_word' id='word_1_107' title='bbox 2538 1825 2541 1828; x_wconf 12' lang='grc' dir='ltr'><strong><em>Δ</em></strong></span> 
     </span>
     <span class='ocr_line' id='line_1_13' title="bbox 188 1832 2491 1940; baseline 0 -26"><span class='ocrx_word' id='word_1_108' title='bbox 188 1834 549 1915; x_wconf 85' lang='lat' dir='ltr'>eruendas</span> <span class='ocrx_word' id='word_1_109' title='bbox 587 1833 766 1914; x_wconf 87' lang='lat' dir='ltr'>alias</span> <span class='ocrx_word' id='word_1_110' title='bbox 801 1861 963 1915; x_wconf 90' lang='lat' dir='ltr'>non</span> <span class='ocrx_word' id='word_1_111' title='bbox 996 1833 1345 1940; x_wconf 86' lang='lat' dir='ltr'>proderit</span> <span class='ocrx_word' id='word_1_112' title='bbox 1369 1891 1389 1923; x_wconf 89' lang='lat'>‚</span> <span class='ocrx_word' id='word_1_113' title='bbox 1451 1833 1575 1914; x_wconf 89' lang='lat' dir='ltr'>sed</span> <span class='ocrx_word' id='word_1_114' title='bbox 1616 1832 1818 1914; x_wconf 84' lang='lat' dir='ltr'>nihil</span> <span class='ocrx_word' id='word_1_115' title='bbox 1854 1834 2295 1914; x_wconf 85' lang='lat' dir='ltr'>babebimus</span> <span class='ocrx_word' id='word_1_116' title='bbox 2328 1834 2491 1915; x_wconf 75' lang='lat' dir='ltr'>nist·</span> 
     </span>
     <span class='ocr_line' id='line_1_14' title="bbox 190 1943 2491 2055; baseline -0.003 -27"><span class='ocrx_word' id='word_1_117' title='bbox 190 1943 529 2034; x_wconf 76' lang='lat' dir='ltr'>beneficii</span> <span class='ocrx_word' id='word_1_118' title='bbox 569 1946 803 2027; x_wconf 75' lang='lat' dir='ltr'>alieni</span> <span class='ocrx_word' id='word_1_119' title='bbox 846 1956 886 2026; x_wconf 63' lang='grc' dir='ltr'><strong><em>ἓ</em></strong></span> <span class='ocrx_word' id='word_1_120' title='bbox 961 1945 1627 2054; x_wconf 83' lang='lat' dir='ltr'>quemadmodum</span> <span class='ocrx_word' id='word_1_121' title='bbox 1664 1943 1983 2055; x_wconf 89' lang='lat' dir='ltr'>quidam</span> <span class='ocrx_word' id='word_1_122' title='bbox 2017 1948 2349 2052; x_wconf 62' lang='lat' dir='ltr'>pidiores</span> <span class='ocrx_word' id='word_1_123' title='bbox 2386 1952 2491 2027; x_wconf 64' lang='lat' dir='ltr'>ini</span> 
     </span>
     <span class='ocr_line' id='line_1_15' title="bbox 190 2054 2467 2148; baseline 0.001 -14"><span class='ocrx_word' id='word_1_124' title='bbox 190 2054 261 2134; x_wconf 78' lang='lat' dir='ltr'>id</span> <span class='ocrx_word' id='word_1_125' title='bbox 283 2056 535 2142; x_wconf 82' lang='lat' dir='ltr'>solum</span> <span class='ocrx_word' id='word_1_126' title='bbox 559 2055 864 2138; x_wconf 87' lang='lat' dir='ltr'>student</span> <span class='ocrx_word' id='word_1_127' title='bbox 884 2114 907 2148; x_wconf 89' lang='lat'>,</span> <span class='ocrx_word' id='word_1_128' title='bbox 945 2080 1034 2138; x_wconf 93' lang='lat' dir='ltr'>ut</span> <span class='ocrx_word' id='word_1_129' title='bbox 1062 2058 1490 2138; x_wconf 84' lang='lat' dir='ltr'>describere</span> <span class='ocrx_word' id='word_1_130' title='bbox 1524 2060 1810 2138; x_wconf 86' lang='lat' dir='ltr'>tabulas</span> <span class='ocrx_word' id='word_1_131' title='bbox 1849 2057 2220 2138; x_wconf 84' lang='lat' dir='ltr'>mensuris</span> <span class='ocrx_word' id='word_1_132' title='bbox 2255 2085 2341 2137; x_wconf 91' lang='lat' dir='ltr'>ac</span> <span class='ocrx_word' id='word_1_133' title='bbox 2372 2057 2467 2137; x_wconf 90' lang='lat' dir='ltr'>li-</span> 
     </span>
     <span class='ocr_line' id='line_1_16' title="bbox 189 2167 2474 2276; baseline 0.002 -30"><span class='ocrx_word' id='word_1_134' title='bbox 189 2172 336 2256; x_wconf 85' lang='lat' dir='ltr'>neis</span> <span class='ocrx_word' id='word_1_135' title='bbox 374 2169 635 2251; x_wconf 85' lang='lat' dir='ltr'>sciant.</span> <span class='ocrx_word' id='word_1_136' title='bbox 715 2173 979 2276; x_wconf 88' lang='lat' dir='ltr'>Turpe</span> <span class='ocrx_word' id='word_1_137' title='bbox 1017 2172 1260 2250; x_wconf 90' lang='lat' dir='ltr'>etiam</span> <span class='ocrx_word' id='word_1_138' title='bbox 1294 2168 1487 2249; x_wconf 81' lang='lat' dir='ltr'>illud</span> <span class='ocrx_word' id='word_1_139' title='bbox 1523 2169 1631 2248; x_wconf 88' lang='lat' dir='ltr'>est</span> <span class='ocrx_word' id='word_1_140' title='bbox 1654 2225 1675 2259; x_wconf 90' lang='lat'>,</span> <span class='ocrx_word' id='word_1_141' title='bbox 1713 2191 2174 2251; x_wconf 86' lang='lat' dir='ltr'>contentum</span> <span class='ocrx_word' id='word_1_142' title='bbox 2217 2167 2359 2248; x_wconf 81' lang='lat' dir='ltr'>esse</span> <span class='ocrx_word' id='word_1_143' title='bbox 2391 2168 2474 2250; x_wconf 90' lang='lat' dir='ltr'>id</span> 
     </span>
     <span class='ocr_line' id='line_1_17' title="bbox 192 2279 2495 2390; baseline 0.001 -32"><span class='ocrx_word' id='word_1_144' title='bbox 192 2281 590 2390; x_wconf 84' lang='lat' dir='ltr'>consequi,</span> <span class='ocrx_word' id='word_1_145' title='bbox 630 2280 846 2389; x_wconf 86' lang='lat' dir='ltr'>quod</span> <span class='ocrx_word' id='word_1_146' title='bbox 875 2284 1215 2360; x_wconf 85' lang='lat' dir='ltr'>imiteris.</span> <span class='ocrx_word' id='word_1_147' title='bbox 1293 2289 1499 2361; x_wconf 89' lang='lat' dir='ltr'>Nam</span> <span class='ocrx_word' id='word_1_148' title='bbox 1542 2280 1792 2361; x_wconf 91' lang='lat' dir='ltr'>rursus</span> <span class='ocrx_word' id='word_1_149' title='bbox 1835 2279 2024 2388; x_wconf 90' lang='lat' dir='ltr'>quid</span> <span class='ocrx_word' id='word_1_150' title='bbox 2054 2303 2217 2359; x_wconf 89' lang='lat' dir='ltr'>erat</span> <span class='ocrx_word' id='word_1_151' title='bbox 2269 2280 2495 2360; x_wconf 81' lang='lat' dir='ltr'>futu-&#39;</span> 
     </span>
     <span class='ocr_line' id='line_1_18' title="bbox 189 2390 2487 2500; baseline -0 -29"><span class='ocrx_word' id='word_1_152' title='bbox 189 2417 376 2484; x_wconf 78' lang='lat' dir='ltr'>rum,</span> <span class='ocrx_word' id='word_1_153' title='bbox 424 2394 477 2474; x_wconf 76' lang='lat' dir='ltr'>si</span> <span class='ocrx_word' id='word_1_154' title='bbox 518 2421 761 2482; x_wconf 84' lang='lat' dir='ltr'>nemo</span> <span class='ocrx_word' id='word_1_155' title='bbox 798 2394 966 2499; x_wconf 86' lang='lat' dir='ltr'>plus</span> <span class='ocrx_word' id='word_1_156' title='bbox 1011 2392 1367 2473; x_wconf 75' lang='lat' dir='ltr'>effeciss&#39;ct</span> <span class='ocrx_word' id='word_1_157' title='bbox 1387 2422 1485 2474; x_wconf 91' lang='lat' dir='ltr'>eo</span> <span class='ocrx_word' id='word_1_158' title='bbox 1522 2420 1761 2500; x_wconf 88' lang='lat' dir='ltr'>quem</span> <span class='ocrx_word' id='word_1_159' title='bbox 1805 2390 2305 2500; x_wconf 80' lang='lat' dir='ltr'>sequebatur?</span> <span class='ocrx_word' id='word_1_160' title='bbox 2335 2395 2487 2472; x_wconf 50' lang='lat' dir='ltr'>Ni-·‘</span> 
     </span>
     <span class='ocr_line' id='line_1_19' title="bbox 191 2501 2479 2613; baseline -0.001 -28"><span class='ocrx_word' id='word_1_161' title='bbox 191 2501 292 2584; x_wconf 81' lang='lat' dir='ltr'>hil</span> <span class='ocrx_word' id='word_1_162' title='bbox 327 2509 404 2586; x_wconf 86' lang='lat' dir='ltr'>in</span> <span class='ocrx_word' id='word_1_163' title='bbox 451 2507 708 2613; x_wconf 70' lang='lat' dir='ltr'>poetis</span> <span class='ocrx_word' id='word_1_164' title='bbox 742 2504 960 2612; x_wconf 89' lang='lat' dir='ltr'>supra</span> <span class='ocrx_word' id='word_1_165' title='bbox 1010 2508 1326 2588; x_wconf 88' lang='lat' dir='ltr'>Livium</span> <span class='ocrx_word' id='word_1_166' title='bbox 1359 2504 1906 2587; x_wconf 89' lang='lat' dir='ltr'>Andronicum</span> <span class='ocrx_word' id='word_1_167' title='bbox 1946 2561 1967 2595; x_wconf 91' lang='lat'>‚</span> <span class='ocrx_word' id='word_1_168' title='bbox 2014 2504 2208 2584; x_wconf 89' lang='lat' dir='ltr'>nihil</span> <span class='ocrx_word' id='word_1_169' title='bbox 2241 2506 2320 2583; x_wconf 92' lang='lat' dir='ltr'>in</span> <span class='ocrx_word' id='word_1_170' title='bbox 2353 2504 2479 2583; x_wconf 53' lang='lat' dir='ltr'>hia</span> 
     </span>
     <span class='ocr_line' id='line_1_20' title="bbox 187 2613 2482 2725; baseline -0 -28"><span class='ocrx_word' id='word_1_171' title='bbox 187 2613 423 2697; x_wconf 83' lang='lat' dir='ltr'>storiis</span> <span class='ocrx_word' id='word_1_172' title='bbox 466 2620 722 2725; x_wconf 86' lang='lat' dir='ltr'>supra·</span> <span class='ocrx_word' id='word_1_173' title='bbox 758 2616 1225 2699; x_wconf 88' lang='lat' dir='ltr'>Pontificum</span> <span class='ocrx_word' id='word_1_174' title='bbox 1277 2619 1588 2698; x_wconf 82' lang='lat' dir='ltr'>annales</span> <span class='ocrx_word' id='word_1_175' title='bbox 1647 2618 2150 2698; x_wconf 87' lang='lat' dir='ltr'>haberemus:</span> <span class='ocrx_word' id='word_1_176' title='bbox 2189 2617 2482 2697; x_wconf 81' lang='lat' dir='ltr'>ratibus</span> 
     </span>
     <span class='ocr_line' id='line_1_21' title="bbox 185 2726 2484 2837; baseline 0.001 -32"><span class='ocrx_word' id='word_1_177' title='bbox 185 2726 415 2811; x_wconf 86' lang='lat' dir='ltr'>adhuc</span> <span class='ocrx_word' id='word_1_178' title='bbox 466 2734 1018 2836; x_wconf 85' lang='lat' dir='ltr'>navigaretur:</span> <span class='ocrx_word' id='word_1_179' title='bbox 1059 2757 1223 2810; x_wconf 92' lang='lat' dir='ltr'>non</span> <span class='ocrx_word' id='word_1_180' title='bbox 1259 2730 1439 2811; x_wconf 77' lang='lat' dir='ltr'>esset</span> <span class='ocrx_word' id='word_1_181' title='bbox 1481 2731 1775 2837; x_wconf 60' lang='lat' dir='ltr'>pifiura</span> <span class='ocrx_word' id='word_1_182' title='bbox 1803 2785 1824 2821; x_wconf 87' lang='lat'>,</span> <span class='ocrx_word' id='word_1_183' title='bbox 1869 2729 2004 2809; x_wconf 73' lang='lat' dir='ltr'>nisi</span> <span class='ocrx_word' id='word_1_184' title='bbox 2042 2740 2213 2835; x_wconf 64' lang='lat' dir='ltr'>quae</span> <span class='ocrx_word' id='word_1_185' title='bbox 2234 2728 2484 2808; x_wconf 79' lang='lat' dir='ltr'>lineas</span> 
     </span>
     <span class='ocr_line' id='line_1_22' title="bbox 189 2840 2483 2948; baseline -0 -29"><span class='ocrx_word' id='word_1_186' title='bbox 189 2841 418 2922; x_wconf 87' lang='lat' dir='ltr'>modo</span> <span class='ocrx_word' id='word_1_187' title='bbox 466 2866 858 2931; x_wconf 74' lang='lat' dir='ltr'>extremas</span> <span class='ocrx_word' id='word_1_188' title='bbox 898 2842 1193 2923; x_wconf 69' lang='lat' dir='ltr'>umbrae</span> <span class='ocrx_word' id='word_1_189' title='bbox 1232 2868 1471 2948; x_wconf 89' lang='lat' dir='ltr'>quam</span> <span class='ocrx_word' id='word_1_190' title='bbox 1506 2870 1836 2948; x_wconf 91' lang='lat' dir='ltr'>corpora</span> <span class='ocrx_word' id='word_1_191' title='bbox 1873 2846 1976 2921; x_wconf 89' lang='lat' dir='ltr'>-in</span> <span class='ocrx_word' id='word_1_192' title='bbox 2043 2840 2201 2921; x_wconf 88' lang='lat' dir='ltr'>sole</span> <span class='ocrx_word' id='word_1_193' title='bbox 2260 2840 2483 2920; x_wconf 67' lang='lat' dir='ltr'>fecis-2</span> 
     </span>
     <span class='ocr_line' id='line_1_23' title="bbox 182 2949 2480 3060; baseline -0.003 -21"><span class='ocrx_word' id='word_1_194' title='bbox 182 2949 352 3039; x_wconf 69' lang='lat' dir='ltr'>stent,</span> <span class='ocrx_word' id='word_1_195' title='bbox 376 2954 1066 3041; x_wconf 83' lang='lat' dir='ltr'>circumscriberet.</span> <span class='ocrx_word' id='word_1_196' title='bbox 1104 2960 1222 3034; x_wconf 90' lang='lat' dir='ltr'>Ac</span> <span class='ocrx_word' id='word_1_197' title='bbox 1245 2954 1296 3033; x_wconf 78' lang='lat' dir='ltr'>si</span> <span class='ocrx_word' id='word_1_198' title='bbox 1334 2960 1598 3034; x_wconf 89' lang='lat' dir='ltr'>omnia</span> <span class='ocrx_word' id='word_1_199' title='bbox 1624 2954 2064 3060; x_wconf 86' lang='lat' dir='ltr'>percenseas</span> <span class='ocrx_word' id='word_1_200' title='bbox 2087 3010 2108 3035; x_wconf 87' lang='lat'><em>‚</em></span> <span class='ocrx_word' id='word_1_201' title='bbox 2154 2950 2480 3031; x_wconf 86' lang='lat' dir='ltr'>nullafit</span> 
     </span>
     <span class='ocr_line' id='line_1_24' title="bbox 182 3061 2477 3173; baseline -0.001 -31"><span class='ocrx_word' id='word_1_202' title='bbox 182 3070 573 3173; x_wconf 71' lang='lat' dir='ltr'>arsqualis</span> <span class='ocrx_word' id='word_1_203' title='bbox 597 3070 909 3148; x_wconf 87' lang='lat' dir='ltr'>inventa</span> <span class='ocrx_word' id='word_1_204' title='bbox 949 3066 1083 3157; x_wconf 89' lang='lat' dir='ltr'>est,</span> <span class='ocrx_word' id='word_1_205' title='bbox 1121 3094 1267 3147; x_wconf 88' lang='lat' dir='ltr'>nec</span> <span class='ocrx_word' id='word_1_206' title='bbox 1297 3070 1840 3145; x_wconf 86' lang='lat' dir='ltr'>intrainitium</span> <span class='ocrx_word' id='word_1_207' title='bbox 1886 3066 2127 3144; x_wconf 87' lang='lat' dir='ltr'>stetit:</span> <span class='ocrx_word' id='word_1_208' title='bbox 2153 3061 2289 3142; x_wconf 81' lang='lat' dir='ltr'>nisi</span> <span class='ocrx_word' id='word_1_209' title='bbox 2317 3064 2477 3140; x_wconf 58' lang='lat' dir='ltr'>for--⁴</span> 
     </span>
     <span class='ocr_line' id='line_1_25' title="bbox 180 3172 2499 3286; baseline -0 -32"><span class='ocrx_word' id='word_1_210' title='bbox 180 3196 251 3255; x_wconf 86' lang='lat' dir='ltr'>te</span> <span class='ocrx_word' id='word_1_211' title='bbox 292 3180 550 3265; x_wconf 89' lang='lat' dir='ltr'>nostra</span> <span class='ocrx_word' id='word_1_212' title='bbox 578 3177 1065 3286; x_wconf 72' lang='lat' dir='ltr'>potissimum</span> <span class='ocrx_word' id='word_1_213' title='bbox 1123 3200 1475 3282; x_wconf 88' lang='lat' dir='ltr'>tempora</span> <span class='ocrx_word' id='word_1_214' title='bbox 1511 3176 1969 3257; x_wconf 85' lang='lat' dir='ltr'>damnamus</span> <span class='ocrx_word' id='word_1_215' title='bbox 2012 3176 2227 3275; x_wconf 85' lang='lat' dir='ltr'>hujus</span> <span class='ocrx_word' id='word_1_216' title='bbox 2283 3172 2499 3253; x_wconf 67' lang='lat' dir='ltr'>infe-⁵</span> 
     </span>
     <span class='ocr_line' id='line_1_26' title="bbox 177 3284 2477 3383; baseline 0 -17"><span class='ocrx_word' id='word_1_217' title='bbox 177 3284 470 3371; x_wconf 81' lang='lat' dir='ltr'>licitatis</span> <span class='ocrx_word' id='word_1_218' title='bbox 515 3349 541 3383; x_wconf 90' lang='lat'>‚</span> <span class='ocrx_word' id='word_1_219' title='bbox 599 3313 687 3373; x_wconf 87' lang='lat' dir='ltr'>ut</span> <span class='ocrx_word' id='word_1_220' title='bbox 730 3318 936 3375; x_wconf 74' lang='lat' dir='ltr'>nunc</span> <span class='ocrx_word' id='word_1_221' title='bbox 997 3289 1319 3370; x_wconf 87' lang='lat' dir='ltr'>demum</span> <span class='ocrx_word' id='word_1_222' title='bbox 1366 3289 1561 3369; x_wconf 86' lang='lat' dir='ltr'>nihil</span> <span class='ocrx_word' id='word_1_223' title='bbox 1598 3289 1897 3369; x_wconf 90' lang='lat' dir='ltr'>crescat.</span> <span class='ocrx_word' id='word_1_224' title='bbox 2001 3287 2218 3366; x_wconf 86' lang='lat' dir='ltr'>Nihil</span> <span class='ocrx_word' id='word_1_225' title='bbox 2262 3288 2477 3366; x_wconf 89' lang='lat' dir='ltr'>enim</span> 
     </span>
     <span class='ocr_line' id='line_1_27' title="bbox 175 3384 2467 3506; baseline -0.008 -11"><span class='ocrx_word' id='word_1_226' title='bbox 175 3401 437 3495; x_wconf 54' lang='lat' dir='ltr'>‘3¹‘ssssss</span> <span class='ocrx_word' id='word_1_227' title='bbox 467 3402 645 3489; x_wconf 83' lang='lat' dir='ltr'>sola</span> <span class='ocrx_word' id='word_1_228' title='bbox 688 3384 1138 3489; x_wconf 69' lang='lat' dir='ltr'>imitatione.</span> <span class='ocrx_word' id='word_1_229' title='bbox 1219 3399 1459 3502; x_wconf 81' lang='lat' dir='ltr'>Qod</span> <span class='ocrx_word' id='word_1_230' title='bbox 1500 3398 1553 3480; x_wconf 82' lang='lat' dir='ltr'><strong>fi</strong></span> <span class='ocrx_word' id='word_1_231' title='bbox 1587 3401 1973 3506; x_wconf 88' lang='lat' dir='ltr'>prioribus</span> <span class='ocrx_word' id='word_1_232' title='bbox 2010 3400 2338 3497; x_wconf 86' lang='lat' dir='ltr'>adjicere</span> <span class='ocrx_word' id='word_1_233' title='bbox 2355 3399 2467 3477; x_wconf 88' lang='lat' dir='ltr'>fas</span> 
     </span>
     <span class='ocr_line' id='line_1_28' title="bbox 175 3512 2473 3629; baseline -0.005 -28"><span class='ocrx_word' id='word_1_234' title='bbox 175 3513 1002 3629; x_wconf 43' lang='lat' dir='ltr'>mjespfquomodo</span> <span class='ocrx_word' id='word_1_235' title='bbox 1038 3514 1336 3620; x_wconf 88' lang='lat' dir='ltr'>sperare</span> <span class='ocrx_word' id='word_1_236' title='bbox 1377 3512 1767 3618; x_wconf 67' lang='lat' dir='ltr'>possumus</span> <span class='ocrx_word' id='word_1_237' title='bbox 1802 3513 2024 3592; x_wconf 90' lang='lat' dir='ltr'>illum</span> <span class='ocrx_word' id='word_1_238' title='bbox 2070 3534 2473 3591; x_wconf 85' lang='lat' dir='ltr'>oratorem</span> 
     </span>
     <span class='ocr_line' id='line_1_29' title="bbox 177 3622 2475 3737; baseline -0.005 -24"><span class='ocrx_word' id='word_1_239' title='bbox 177 3622 608 3737; x_wconf 53' lang='grc' dir='ltr'>Ρὲᾞδᾶψυ</span> <span class='ocrx_word' id='word_1_240' title='bbox 631 3628 654 3708; x_wconf 73' lang='grc' dir='ltr'><strong><em>ἓ</em></strong></span> <span class='ocrx_word' id='word_1_241' title='bbox 681 3653 862 3706; x_wconf 91' lang='lat' dir='ltr'>cum</span> <span class='ocrx_word' id='word_1_242' title='bbox 904 3631 983 3706; x_wconf 91' lang='lat' dir='ltr'>in</span> <span class='ocrx_word' id='word_1_243' title='bbox 1021 3628 1108 3704; x_wconf 88' lang='lat' dir='ltr'>iis</span> <span class='ocrx_word' id='word_1_244' title='bbox 1141 3651 1337 3732; x_wconf 91' lang='lat' dir='ltr'>quos</span> <span class='ocrx_word' id='word_1_245' title='bbox 1372 3628 1759 3707; x_wconf 87' lang='lat' dir='ltr'>maximos</span> <span class='ocrx_word' id='word_1_246' title='bbox 1790 3624 2042 3705; x_wconf 86' lang='lat' dir='ltr'>adbuc</span> <span class='ocrx_word' id='word_1_247' title='bbox 2085 3626 2475 3713; x_wconf 84' lang='lat' dir='ltr'>novimus,-</span> 
     </span>
     <span class='ocr_line' id='line_1_30' title="bbox 178 3735 2467 3845; baseline -0.003 -25"><span class='ocrx_word' id='word_1_248' title='bbox 178 3737 544 3829; x_wconf 59' lang='lat' dir='ltr'>nssmnfit</span> <span class='ocrx_word' id='word_1_249' title='bbox 574 3744 936 3822; x_wconf 87' lang='lat' dir='ltr'>inventus</span> <span class='ocrx_word' id='word_1_250' title='bbox 978 3745 1063 3817; x_wconf 91' lang='lat' dir='ltr'>in</span> <span class='ocrx_word' id='word_1_251' title='bbox 1080 3763 1243 3845; x_wconf 90' lang='lat' dir='ltr'>quo</span> <span class='ocrx_word' id='word_1_252' title='bbox 1278 3736 1471 3839; x_wconf 84' lang='lat' dir='ltr'>nihil</span> <span class='ocrx_word' id='word_1_253' title='bbox 1502 3759 1632 3817; x_wconf 89' lang='lat' dir='ltr'>aut</span> <span class='ocrx_word' id='word_1_254' title='bbox 1666 3735 2159 3827; x_wconf 75' lang='lat' dir='ltr'>desideretur,</span> <span class='ocrx_word' id='word_1_255' title='bbox 2203 3757 2330 3815; x_wconf 87' lang='lat' dir='ltr'>aut</span> <span class='ocrx_word' id='word_1_256' title='bbox 2353 3762 2467 3814; x_wconf 85' lang='lat' dir='ltr'>re·-</span> 
     </span>
     <span class='ocr_line' id='line_1_31' title="bbox 169 3846 2474 3956; baseline -0.003 -25"><span class='ocrx_word' id='word_1_257' title='bbox 169 3846 727 3954; x_wconf 61' lang='lat' dir='ltr'>poehendatur.</span> <span class='ocrx_word' id='word_1_258' title='bbox 872 3849 1019 3932; x_wconf 86' lang='lat' dir='ltr'>Sed</span> <span class='ocrx_word' id='word_1_259' title='bbox 1076 3853 1312 3953; x_wconf 72' lang='lat' dir='ltr'>eriam</span> <span class='ocrx_word' id='word_1_260' title='bbox 1345 3850 1483 3955; x_wconf 76' lang='lat' dir='ltr'>qui</span> <span class='ocrx_word' id='word_1_261' title='bbox 1517 3848 1817 3930; x_wconf 89' lang='lat' dir='ltr'>summa</span> <span class='ocrx_word' id='word_1_262' title='bbox 1861 3876 2027 3929; x_wconf 92' lang='lat' dir='ltr'>non</span> <span class='ocrx_word' id='word_1_263' title='bbox 2073 3868 2474 3956; x_wconf 60' lang='lat' dir='ltr'>appetunt-5</span> 
     </span>
     <span class='ocr_line' id='line_1_32' title="bbox 169 3958 2479 4083; baseline -0.006 -37"><span class='ocrx_word' id='word_1_264' title='bbox 169 3961 657 4083; x_wconf 63' lang='lat' dir='ltr'>cmfendere</span> <span class='ocrx_word' id='word_1_265' title='bbox 702 3964 1006 4067; x_wconf 86' lang='lat' dir='ltr'>potius,</span> <span class='ocrx_word' id='word_1_266' title='bbox 1053 3958 1283 4071; x_wconf 67' lang='lat' dir='ltr'>quam</span> <span class='ocrx_word' id='word_1_267' title='bbox 1321 3959 1530 4067; x_wconf 92' lang='lat' dir='ltr'>sequi</span> <span class='ocrx_word' id='word_1_268' title='bbox 1574 3961 1879 4043; x_wconf 88' lang='lat' dir='ltr'>debent.</span> <span class='ocrx_word' id='word_1_269' title='bbox 1936 3963 2297 4069; x_wconf 84' lang='lat' dir='ltr'>Namqui</span> <span class='ocrx_word' id='word_1_270' title='bbox 2320 3961 2479 4061; x_wconf 87' lang='lat' dir='ltr'>agit</span> 
     </span>
     <span class='ocr_line' id='line_1_33' title="bbox 166 4068 2476 4264; baseline -0.005 -107"><span class='ocrx_word' id='word_1_271' title='bbox 166 4093 272 4157; x_wconf 76' lang='lat' dir='ltr'>ur</span> <span class='ocrx_word' id='word_1_272' title='bbox 299 4072 727 4183; x_wconf 69' lang='lat' dir='ltr'>prior-fit,</span> <span class='ocrx_word' id='word_1_273' title='bbox 777 4074 1094 4157; x_wconf 74' lang='lat' dir='ltr'>forsitan</span> <span class='ocrx_word' id='word_1_274' title='bbox 1162 4072 1453 4183; x_wconf 71' lang='lat' dir='ltr'>&#39;etiamsi</span> <span class='ocrx_word' id='word_1_275' title='bbox 1497 4100 1660 4264; x_wconf 58' lang='lat' dir='ltr'>Ision</span> <span class='ocrx_word' id='word_1_276' title='bbox 1706 4068 2476 4181; x_wconf 60' lang='lat' dir='ltr'>transierinaequabit.</span> 
     </span>
     <span class='ocr_line' id='line_1_34' title="bbox 313 4184 2486 4266; baseline -0.002 1"><span class='ocrx_word' id='word_1_277' title='bbox 313 4238 316 4243; x_wconf 66' lang='grc'><em>»</em></span> <span class='ocrx_word' id='word_1_278' title='bbox 339 4212 350 4245; x_wconf 59' lang='lat'>‘-</span> <span class='ocrx_word' id='word_1_279' title='bbox 1261 4188 1339 4265; x_wconf 92' lang='lat' dir='ltr'><strong>H</strong></span> <span class='ocrx_word' id='word_1_280' title='bbox 1361 4184 1412 4263; x_wconf 89' lang='lat' dir='ltr'><strong>h</strong></span> <span class='ocrx_word' id='word_1_281' title='bbox 1436 4185 1510 4266; x_wconf 86' lang='lat' dir='ltr'>h‘</span> <span class='ocrx_word' id='word_1_282' title='bbox 2290 4186 2486 4262; x_wconf 86' lang='lat' dir='ltr'>Eum</span> 
     </span>
    </p>
   </div>
  </div>
 </body>
</html>
