3557 5113
319 234 566 394 De
614 225 1055 435 bgstit.
1099 228 1814 398 Orator-ia,
1841 223 2138 382 Lib.
2168 227 2419 385 111.
2626 265 2830 376 157:

445 562 743 642 ERGO
801 541 986 638 cun'r
1067 561 1331 639 omnis
1395 551 1610 640 caula
1685 559 2182 642 contineatur
2235 561 2500 672 aliquo
2523 593 2594 671 C
2608 614 2652 663 Α
2684 614 2744 668 ρ,
2780 581 2930 668 vf)

233 670 435 760 statu,
486 674 703 776 prius
746 697 989 778 quam
1034 668 1295 749 dicere
1338 669 1749 777 aggredior
1789 699 1951 781 quo
1983 671 2230 755 modo
2252 701 2508 781 genus

227 780 563 888 quodque
616 781 853 862 causae
898 780 990 861 stt
1058 781 1541 861 traCtandum
1574 839 1598 874 ,
1665 783 1747 864 ‘td
1805 783 2019 891 quod
2073 813 2507 868 commune
2615 783 2618 786 ’

227 892 319 971 est
360 892 759 983 omnibus,
825 890 1014 1001 quid
1060 891 1163 973 stt
1209 892 1437 973 status
1478 950 1501 985 ‚
1574 900 1653 975 &
1720 896 1932 976 unde
2005 895 2362 990 ducatur,
2412 905 2500 982 δε

228 1025 393 1110 quot
464 1009 542 1084 δι
601 1009 735 1113 qui
779 1003 924 1084 fmt
970 1061 997 1096 ‚
1058 1006 1519 1086 intuendum
1570 1013 1827 1112 puto:
1906 1035 2349 1116 quanquam
2411 1009 2520 1090 id·

230 1115 554 1194 nonnulli
606 1116 706 1198 ad
744 1115 1131 1219 judiciales
1188 1119 1514 1197 tantur'n'³
1523 1119 1912 1222 pertinere
1964 1124 2316 1200 materias
2347 1149 2494 1227 pu·

232 1247 576 1307 taverunt.
671 1231 1036 1326 Qiorurn
1078 1228 1455 1308 inscitiam
1481 1285 1502 1318 ‚
1557 1256 1743 1308 cum
1770 1234 2038 1310 omnia·
2080 1237 2222 1310 tria
2256 1247 2491 1338 gene-

229 1361 296 1417 ra
350 1337 574 1418 fuero
619 1361 1036 1431 executu5‚
1077 1368 1203 1420 res
1235 1338 1393 1447 ipsa
1432 1339 1992 1446 deprehendet..
2081 1342 2318 1445 Qiocl
2350 1370 2503 1423 nos

227 1447 476 1529 statum
499 1507 525 1541 ,
578 1448 662 1530 id
704 1449 1024 1559 quidam
1061 1451 1698 1531 constitutionem
1745 1469 2029 1536 vocant
2050 1510 2072 1537 ‚
2136 1455 2264 1533 alii
2300 1481 2502 1562 quae·

222 1559 530 1641 stionern
567 1617 595 1653 ,
660 1562 789 1642 alii
844 1559 1061 1671 quod
1112 1591 1210 1642 ex
1271 1563 1688 1671 qua-stione
1758 1584 2137 1670 appareat.
2231 1566 2496 1644 Theo-

221 1669 423 1753 dorus
467 1672 838 1781 generale
900 1698 1129 1782 caput
1170 1733 1194 1767 ,
1255 1674 1335 1754 id
1380 1675 1489 1756 est
1511 1731 1532 1764 ‚
1602 1673 1974 1776 &vilmar
2011 1672 2493 1773 γενικῶἳωτον,

222 1781 303 1862 ad
352 1784 567 1892 quod
627 1786 1058 1865 referantur
1103 1789 1388 1867 omnia.
1483 1791 1854 1884 Qorum
1890 1785 2181 1868 diversa
2230 1787 2494 1894 appel-

223 1891 427 1986 latio,
483 1899 606 1977 vis
647 1895 924 1977 eadem
974 1895 1121 1978 est:
1213 1923 1355 1978 nec
1403 1899 1715 1977 interest
1764 1896 2269 1989 discentium,
2321 1904 2498 2006 qui-³

220 2004 337 2086 bus
408 2006 762 2116 quidque
849 2009 1290 2091 nominibus
1361 2008 1794 2115 appelletur
1831 2066 1854 2100 ‚
1918 2008 2111 2090 dum
2161 2038 2279 2090 res
2341 2009 2496 2115 ipsa

217 2120 594 2199 manifesta
648 2118 763 2199 fit.
853 2114 863 2120 ’
921 2126 1220 2202 Statum
1295 2124 1548 2200 Graeci
1616 2117 1813 2202 ςάσιν
1868 2145 2194 2201 vocant:
2283 2119 2499 2229 quod

220 2252 491 2311 nomen
531 2258 699 2310 non
732 2233 1080 2336 primum·
1118 2233 1214 2312 ab
1258 2236 1743 2338 Hermagora
1788 2230 2161 2324 traditum
2202 2245 2501 2339 putant',

219 2338 339 2419 sed
385 2343 508 2444 alij
564 2342 662 2422 ab
716 2348 1100 2423 Naucrate
1146 2343 1490 2422 Isocratis
1533 2343 1951 2449 discipulo,
1991 2344 2122 2422 alii
2161 2371 2204 2423 a
2248 2349 2509 2451 Zopyss

223 2476 315 2529 ro
369 2453 868 2534 Clazomenio
907 2486 925 2534 :
994 2481 1432 2565 quanquam
1494 2452 1803 2536 videtur
1860 2453 2252 2535 AEfchines
2306 2471 2505 2563 quoja

220 2587 364 2669 que
406 2568 487 2645 in
539 2568 896 2646 oratione
950 2590 1223 2648 contra
1258 2565 1845 2673 Ctesiphontem
1902 2569 2018 2647 uti
2057 2567 2211 2647 hoc
2246 2565 2519 2659 verbo,

217 2701 383 2755 cum
449 2705 491 2757 a
567 2676 946 2782 judicibus
1031 2681 1234 2786 petit
1306 2705 1405 2758 ne
1468 2677 1982 2758 Demostheni
2050 2680 2512 2785 permittant

222 2793 502 2894 evagari
534 2846 559 2880 ,
641 2786 770 2869 sed
837 2814 1019 2869 eum
1080 2787 1336 2870 dicere
1397 2788 1499 2870 de
1557 2789 1723 2895 ipso
1805 2789 2039 2870 cau'sae
2115 2787 2312 2869 statu
2375 2814 2512 2869 coa-

216 2921 397 3001 gant.
515 2901 718 3000 Qae
751 2901 1169 3009 appellatio
1224 2901 1510 2982 dicitur
1557 2900 1784 2982 duaa
1837 2901 1966 2982 vel
2008 2929 2103 2980 ex
2158 2900 2509 3009 eoquod

218 3006 317 3087 ibi
365 3009 446 3090 fit
519 3015 833 3119 primus
906 3010 1145 3093 causae
1200 3011 1671 3117 congressus,
1742 3013 1872 3092 vel
1917 3011 2133 3119 quod
2203 3015 2287 3092 in
2345 3011 2500 3090 hoc

224 3119 409 3202 causa
456 3122 839 3207 confistat.
903 3128 995 3204 Et
1050 3125 1393 3204 nominis
1436 3120 1755 3231 quidem
1796 3123 1958 3201 haec
1992 3125 2237 3229 origo.
2264 3128 2498 3201 Nunc

220 3231 386 3336 quid
417 3233 525 3314 sit.
628 3240 931 3315 Statum
961 3232 1283 3345 quidam
1318 3232 1679 3314 dixerunt
1719 3236 2079 3339 primam,
2102 3232 2501 3312 causarum

226 3344 827 3426 conflifflonem:
904 3374 1103 3455 quos
1143 3348 1347 3427 recle
1401 3342 1690 3425 senfiss'e
1725 3401 1747 3435 ‚
1800 3368 2080 3452 parum
2145 3344 2497 3425 elocutos

229 3476 399 3553 puto.
494 3464 691 3536 Non
748 3457 857 3536 est
909 3463 1123 3538 enim
1194 3457 1423 3538 status
1483 3460 1739 3562 prima
1792 3455 2211 3535 confliaio.
2303 3463 2496 3536 Feci-

204 3560 329 3663 sti,
368 3598 497 3648 nm
531 3571 742 3677 fici:
797 3568 928 3649 scd
965 3567 1179 3679 quod
1230 3598 1328 3648 ex
1393 3573 1647 3676 prima
1699 3567 2202 3648 conflictione
2249 3566 2400 3646 nas
2393 3569 2505 3649 ci-.

236 3688 343 3751 tur
364 3733 385 3765 ‚
422 3680 499 3759 id
542 3679 704 3764 est,
773 3684 1012 3786 genus
1068 3679 1523 3790 quaestionis.
1614 3681 1918 3783 Fufii„
1953 3708 2097 3759 non
2122 3676 2321 3787 fici,
2359 3692 2492 3760 'an'

192 3785 454 3892 ficerit.
541 3807 696 3874 Hac
704 3790 953 3900 ftcg'sti
968 3849 991 3884 ,
1049 3820 1191 3873 non
1229 3791 1356 3873 boc
1364 3795 1558 3901 fici,
1610 3792 1799 3905 quid
1807 3793 2092 3900 ficet-it.
2174 3794 2357 3898 quia
2391 3806 2496 3869 ex
2621 3865 2634 3879 ,

204 3895 319 3977 In's
366 3925 726 4008 apparet,
754 3903 950 3984 illud
988 3905 1457 4009 conjcClurffi
1524 3904 1679 3984 hoc
1727 3903 2083 3984 finitione
2145 3928 2494 4010 quaetenu-

199 4006 405 4113 dmm
483 4038 733 4125 atque
785 4017 870 4096 'm
906 4043 1008 4096 co
1038 4041 1211 4123 pars
1250 4016 1575 4124 ut'raque
1626 4014 1936 4109 insistit,
1997 4017 2146 4096 erit
2175 4010 2497 4122 quaestio

1370 4132 1443 4214 U
1494 4153 1532 4228 3
2306 4147 2498 4206 con·
