3557 5113
699 181 931 320 '560
1115 175 1196 306 ,²
1283 175 1432 312 Μ.
1505 168 2007 322 finxi„
2076 178 3054 316 QlNchLlANx

601 491 786 572 Cm'ss.
813 487 996 579 lv?
1023 483 1404 579 clau'sula's
1434 491 1670 577 verba
1716 483 2021 582 tantum
2056 483 2492 599 'asperahdae
2532 479 3115 597 'compositionis
3148 501 3349 601 gra-'³

1023 615 1151 695 tia,
1198 614 1277 691 ὃ(
1314 612 1658 687 maxime
1696 611 1777 686 in
1823 608 2227 712 prooemiis
2266 625 2388 683 :ut
2419 630 2568 710 pro
2595 604 3015 686 Cloantilla
3066 642 3094 697 ,-
3156 618 3339 686 Gru»

1023 731 1170 804 tias
1204 748 1416 831 agam
1442 727 1786 802 continuo.
1827 724 1918 799 Et
1959 741 2108 823 pro
2151 715 2436 810 Laelia;
2492 724 2628 795 Eis
2662 720 2985 829 utrisqne
3021 718 3234 830 apud
3264 741 3351 799 te‘

1021 835 1330 951 judicem
1347 836 1812 944 periclitatur
1864 833 2097 908 Laeliae.
2163 826 2396 907 Adeo
2431 827 2707 933 refugit
2746 849 3103 909 teneram
3141 830 3349 911 deli-

1027 969 1432 1051 catamque
1467 940 1922 1024 modulandi
1956 940 2502 1046 voluptatem†‚
2538 960 2626 1019 ut
2667 942 3162 1023 currentibus
3195 971 3339 1050 per

1027 1057 1100 1136 se
1136 1058 1513 1146 numeriS,
1561 1069 1723 1164 quo
1750 1081 1887 1134 eos
1929 1053 2355 1143 inhiberet,
2398 1050 2787 1152 objiceret.
2885 1056 3349 1162 Ampl1ibo-·
3410 1057 3423 1071 ’

1027 1169 1214 1248 liam
1259 1193 1572 1277 quoque
1611 1166 1785 1248 fieri
1822 1163 2087 1247 vitiosa
2122 1163 2508 1243 locatione
2537 1164 2958 1244 verborum
2996 1222 3019 1250 ‚
3088 1194 3339 1247 nemo

1027 1280 1143 1360 est
1175 1283 1306 1388 qui
1346 1279 1653 1360 nesciat.
1746 1283 1935 1360 Haee
1978 1277 2332 1363 arbitror,
2369 1298 2462 1355 ut
2493 1278 2572 1354 in
2609 1276 2823 1359 brevi
2860 1334 2883 1369 ‚
2954 1277 3056 1358 de
3118 1280 3331 1360 ordi-

1026 1415 1136 1473 ne
1171 1413 1200 1500 4
1343 1417 1389 1471 e
1418 1387 1748 1472 dicenda
1800 1417 1853 1468 s·
1899 1392 2034 1497 qui
2065 1388 2120 1468 fi
2176 1385 2490 1471 vitiosus
2528 1388 2660 1472 est,
2700 1388 2884 1469 lieet
2938 1397 3020 1471 ὅτ
3070 1393 3329 1471 vinsta

1025 1504 1308 1598 fit'fflsst
1332 1521 1510 1611 apte
1545 1501 1822 1583 cadens
1856 1504 2115 1588 oratio
2161 1556 2183 1592 ,
2220 1521 2507 1579 tamen
2563 1503 2851 1580 merito
2909 1505 3328 1611 incompo-

1025 1616 1162 1696 fita
1197 1614 1515 1698 dicatur.
1629 1615 1998 1722 Junstura
2045 1612 2403 1721 sequitur.
2472 1615 2571 1689 Ea
2608 1611 2811 1691 estin
2848 1615 3140 1706 verbis,
3216 1622 3327 1695 in·

1032 1727 1198 1809 cifis
1222 1785 1244 1821 ,
1305 1727 1700 1808 membris,
1738 1723 2099 1832 periodis.
2196 1726 2483 1805 Omnia
2523 1747 2860 1831 namque
2893 1726 3029 1808 ista
3066 1734 3327 1808 &vir-

1035 1862 1233 1919 tutes
1276 1845 1354 1920 &
1395 1841 1578 1920 vitia
1615 1841 1698 1916 in
1728 1838 2151 1943 complexu
2186 1834 2493 1914 habent.
2559 1841 2819 1943 Atque
2849 1861 2933 1917 ut
2958 1838 3317 1918 ordinem

1034 1951 1347 2058 sssquarf,
1385 1953 1732 2060 primum
1773 1969 1951 2057 quae
1997 1949 2376 2054 imperitis
2409 1972 2721 2056 quoque
2771 1947 2869 2027 ad
2917 1951 3312 2057 reprehen-

1035 2060 1332 2143 fionem
1364 2063 1733 2145 notabilia
1774 2060 2168 2152 videntur,
2201 2055 2281 2138 id
2313 2058 2424 2138 est
2446 2113 2468 2150 ,
2533 2085 2705 2166 quae
2741 2060 3164 2143 commissis
3203 2067 3319 2142 in-

1029 2191 1158 2256 ‘ter
1204 2176 1276 2257 se
1319 2176 1569 2258 verbis
1600 2172 1941 2258 duobus,
1984 2199 2081 2252 ex
2119 2170 2391 2250 ultima
2429 2173 2747 2276 prioris,
2803 2179 2899 2253 ad
2925 2178 3186 2280 prima
3224 2176 3329 2257 se·

1035 2291 1342 2398 quentis
1383 2285 1656 2395 syllaba
1674 2282 2030 2367 deforme
2060 2281 2374 2391 aliquod
2396 2309 2689 2362 nomen
2706 2284 3068 2365 efficiunt⁸
3107 2292 3321 2366 Tum

1038 2403 1431 2482 vocalium
1464 2397 1909 2479 concursus:
1944 2400 2078 2506 qui
2120 2421 2321 2497 cum„
2349 2396 2626 2506 accidit
2653 2396 2981 2487 ,·hiat·&
3026 2399 3329 2479 interfi-

1035 2514 1161 2593 stit
1201 2518 1281 2596 ὅ(
1314 2510 1529 2622 quasi
1564 2512 1862 2591 laborat
1913 2511 2187 2591 oratio,
2288 2503 2605 2589 Peffime
2646 2509 2897 2617 longae
2939 2537 3114 2619 quae
3166 2513 3325 2592 eas·

1029 2625 1217 2707 dem
1254 2629 1459 2705 inter
1498 2624 1570 2703 se
1599 2625 1856 2703 literas
1887 2627 2417 2705 committunt.
2446 2620 2836 2703 sonabunt.
2894 2628 3330 2732 Praecipuus

1035 2762 1301 2817 tamen
1364 2738 1513 2816 erit
1561 2738 1819 2815 hiatus
1874 2762 2145 2815 earum
2182 2760 2356 2840 qua:
2389 2761 2585 2815 cavo
2624 2759 2757 2815 aut
2787 2737 3046 2841 patulo
3086 2742 3333 2817 maxi-

1031 2877 1173 2930 me
1213 2875 1350 2929 one
1395 2845 1839 2928 efferuntur.
1899 2858 1987 2937 Ε,
2012 2847 2320 2952 plenior
2365 2846 2587 2927 litera
2615 2847 2751 2932 ests
2792 2864 2847 2930 J,
2886 2850 3327 2958 angustior:

1037 2960 1388 3071 ideoque
1415 2958 1802 3040 obscurius
1838 3020 1845 3025 -
1876 2963 1954 3038 in
1998 2960 2112 3038 his
2142 2961 2436 3040 vitium.
2513 2960 2765 3040 Minus
2809 2964 3160 3067 peccabit
3190 2967 3329 3072 qui

1037 3073 1296 3180 longis
1330 3074 1601 3154 breves
1638 3071 1973 3171 subjiciet
2017 3126 2039 3161 ‚
2090 3076 2167 3152 ὅτ
2204 3069 2455 3150 adhuc
2513 3075 2644 3180 qui
2685 3100 3089 3181 praeponet
3158 3077 3323 3155 lon-

1037 3213 1155 3292 ga:
1189 3187 1528 3267 brevem.
1582 3184 1910 3263 Minima
1948 3183 2057 3261 est
2090 3186 2172 3262 in
2212 3181 2498 3264 duabus
2536 3184 2909 3268 ‘brevibus
2972 3188 3314 3269 offensio

1038 3304 1301 3405 Atque
1343 3323 1525 3377 cum
1565 3294 1724 3374 alia:
1758 3293 2317 3401 subjunguntur
2336 3295 2516 3379 aliis
2539 3294 2562 3386 ,'
2628 3297 2952 3404 perinde
2993 3302 3325 3408 asperio-

1037 3437 1160 3490 res
1181 3430 1440 3493 terunt,
1493 3429 1726 3516 prout
1765 3408 1924 3486 oris
1963 3407 2178 3488 hiatu
2213 3406 2443 3497 fimili
2467 3429 2599 3489 aut
2640 3408 2942 3492 diverso
2974 3440 3323 3520 pronun-

1037 3521 1464 3601 ciabantur.
1574 3524 1760 3598 Non
1806 3541 2072 3598 tamen
2095 3517 2176 3599 id
2210 3541 2296 3599 ut
2329 3523 2628 3601 crimen
2666 3524 2935 3633 ingens
2998 3553 3329 3635 expave-

1033 3630 1402 3713 scendum
1438 3631 1585 3721 est‚·
1622 3657 1710 3710 ac
1745 3629 2004 3711 nescio
2040 3632 2508 3739 negligentia
2540 3636 2623 3713 in
2666 3635 2864 3728 hoe,
2914 3665 3015 3718 an
3073 3638 3325 3720 solici-

1043 3742 1241 3823 tudo
1263 3741 1358 3823 stt
1403 3746 1645 3850 peior.
1762 3743 2110 3823 Inhibeat
2159 3748 2374 3823 enim
2423 3744 2714 3825 necesse
2762 3749 2876 3829 est
2906 3752 3033 3831 hic
3067 3775 3323 3833 metus

1031 3861 1428 3960 impetum
1468 3853 1825 3945 dicendi,
1870 3859 1951 3935 &
1990 3883 2034 3935 a
2068 3855 2498 3960 potioribus
2550 3880 2865 3941 avertat.
2946 3869 3212 3964 Qare
3238 3886 3325 3944 ut

1030 3966 1519 4077 negligentiae
1564 3970 1752 4074 pars
1783 3966 1895 4046 est
1926 3968 2101 4049 hoe-
2120 3978 2281 4075 pati
2315 4021 2340 4057 ‚
2376 3970 2491 4049 ita-
2519 3970 2982 4061 humilitatis
3040 3981 3309 4083 ubique

1035 4114 1084 4162 *l
1169 4146 1230 4159 .⁴
3144 4114 3305 4198 W·

2240 4318 2277 4355 l
