3557 5113
695 232 927 349 754

618 497 818 594 Cn.
852 492 954 574 X.

1318 192 1463 300 M.
1519 195 1898 320 EAM-1
1984 160 3003 324 QLNCTHAANJ

1034 484 1496 594 peritorum.
1590 481 1702 556 At
1754 468 1967 580 quod
2022 471 2232 552 libris
2294 469 2744 558 dedicatur,
2821 474 2904 550 ὅ(
2935 471 3019 547 in
3059 493 3342 550 exem-2

1040 595 1265 705 plum
1301 589 1595 679 editur,
1662 584 1947 666 tersum
1983 611 2070 662 ac
2112 581 2510 671 limatum,
2535 585 2612 660 ὅ(
2648 579 2743 659 ad
2781 580 3044 685 legem
3088 609 3182 661 ac
3227 611 3336 662 re-

1037 707 1305 816 gulam
1338 696 1859 805 compofitum
1892 693 2037 774 effe
2079 716 2444 799 oportere
2483 728 2505 769 .-
2540 696 2720 799 quia
2763 697 3020 772 veniat
3043 696 3138 772 in
3175 722 3344 773 ma-

1042 845 1187 900 nus
1227 813 1784 898 do&orum‚&
1830 804 2119 905 judices
2163 808 2346 884 artis
2367 803 2642 898 habeat
2680 802 3034 884 artifices.
3113 810 3342 908 Quin

1043 929 1157 1010 illi
1190 918 1493 1006 subtiles
1530 976 1553 1011 ‚
1617 941 1703 999 ut
1761 915 2044 996 ssmiles
2090 944 2179 995 ac
2222 914 2450 995 multi
2507 913 3032 1019 persuaserunt
3082 923 3337 1023 magi·

1046 1041 1222 1130 stri,
1281 1024 1765 1135 παράδειγμα
1797 1026 2133 1108 dicendo
2175 1082 2196 1117 ,
2231 1023 2581 1125 ἐνθύμημα
2618 1025 3021 1114 scribendo
3069 1027 3226 1108 effe
3267 1058 3335 1108 a.

1047 1154 1250 1260 ptius
1293 1142 1799 1226 tradiderunt.
1873 1141 2072 1220 Mihi
2093 1166 2332 1218 unum
2354 1159 2588 1244 atque
2610 1133 2824 1217 idem
2860 1136 3178 1219 videtur
3217 1141 3330 1221 be·

1049 1290 1149 1344 ne
1185 1259 1442 1340 dicere
1475 1311 1497 1340 ,
1539 1282 1627 1334 ac
1666 1254 1862 1333 bene
1898 1251 2216 1332 scribere
2258 1281 2277 1329 ε
2332 1275 2587 1356 neque
2624 1247 2826 1328 aliud
2887 1249 3042 1331 esse
3081 1256 3330 1333 oratio

1048 1368 1324 1478 scripta
1347 1424 1370 1461 ,
1435 1394 1673 1474 quam
1705 1383 2309 1448 monumentum
2341 1363 2658 1440 aelionis
2691 1360 2988 1440 habitat.
3071 1369 3331 1472 Itaque

1055 1483 1303 1567 nullas
1330 1507 1493 1562 non
1555 1485 1684 1573 (ut
1719 1477 2052 1580 opinor)
2096 1472 2323 1569 debet
2371 1472 2656 1596 hssre
2709 1474 3039 1554 virtutes
3090 1509 3120 1565 ,-
3185 1504 3335 1557 non

1058 1596 1239 1678 dico
1284 1649 1307 1686 ,
1364 1589 1576 1671 nulla
1612 1590 1818 1670 vitia.
1923 1591 2132 1664 Nam
2166 1587 2543 1689 imperitis
2580 1583 2883 1690 placere
2920 1583 3333 1696 aliquando

1055 1735 1227 1816 quae
1265 1700 1535 1787 vitiosa
1569 1698 1784 1787 sunt,
1829 1694 2003 1774 scio.
2115 1700 2300 1786 Quo
2334 1693 2693 1775 different
2746 1699 3048 1802 igitur?
3111 1699 3334 1798 Qod

1054 1820 1114 1901 fi
1154 1816 1350 1896 mihi
1382 1810 1515 1891 des
1550 1807 1953 1888 consilium
1988 1804 2340 1907 judicum
2373 1806 2801 1912 sapientum
2848 1866 2870 1892 .
2954 1837 3321 1917 perquam

1057 1926 1303 2012 multa
1357 1919 1694 2002 recidam
1745 1946 1844 1999 ex
1889 1918 2359 1998 orationibus
2400 1946 2566 1998 non
2600 1921 3002 2000 Ciceronis
3049 1921 3304 2012 modo,

1053 2038 1184 2132 sed
1219 2039 1458 2117 etiam
1507 2034 1669 2137 ejus
1706 2033 1846 2139 qui
1879 2028 1992 2109 est
2037 2029 2371 2110 strictior
2400 2030 2653 2111 multo
2685 2086 2710 2122 ‚
2764 2034 3314 2114 Demosthenis.

1043 2159 1328 2257 Neque
1367 2148 1581 2225 enim
1617 2140 1930 2222 affectus
1948 2144 2277 2222 omnino
2315 2141 2688 2224 movendi
2735 2168 2967 2225 erunt
2988 2201 3013 2236 ,
3037 2172 3186 2227 nec
3215 2175 3330 2227 au-

1042 2289 1180 2358 tes
1225 2257 1732 2341 delestatione
1770 2252 2236 2338 mulcendae,
2278 2280 2459 2334 cum
2511 2258 2752 2336 etiam
2789 2265 3189 2363 prooemia
3223 2259 3323 2339 su-

1057 2397 1437 2484 pervacua
1460 2365 1605 2447 effe
1646 2362 1848 2471 apud
1886 2364 2117 2447 tales,
2179 2365 2629 2461 Aristoteles
2691 2368 3109 2449 existimet.
3177 2398 3324 2451 non

1058 2490 1274 2570 enim
1310 2480 1710 2562 trahentur
1744 2477 1862 2556 his
1905 2475 2018 2556 illi
2051 2475 2438 2582 sapientes·
2526 2483 2845 2587 proprie
2901 2485 2986 2562 &
3059 2481 3330 2590 fignifi-

1015 2586 1017 2588 ’
1055 2618 1321 2681 canter
1359 2620 1529 2674 rem
1561 2587 1940 2680 indicare,
1992 2589 2452 2696 probatione
2504 2593 2872 2698 colligere
2906 2649 2933 2683 ,
2997 2592 3177 2676 satis
3208 2597 3328 2678 est.

1059 2716 1266 2789 Cum
1298 2731 1488 2786 vero
1540 2699 1765 2791 iudex
1803 2698 2032 2780 detur
2065 2722 2191 2782 aut
2242 2699 2575 2807 populus
2608 2760 2632 2789 ,
2696 2726 2827 2786 aut
2868 2732 2973 2785 cx
3011 2710 3332 2815 populo,

1058 2816 1442 2923 laturique
1491 2809 1947 2890 sententiam
2001 2808 2294 2890 indoai
2341 2810 2604 2919 saepius
2638 2871 2662 2907 ,
2725 2838 2961 2925 atque
3023 2823 3331 2902 interim

1060 2929 1320 3011 rustici
1350 2961 1374 3004 .-
1437 2926 1703 3022 omnia
1724 2948 1895 3030 quae
1935 2918 2035 3003 ad
2054 2922 2568 3008 obtinendum
2600 2926 2815 3036 quod
2831 2932 3324 3017 intendimus.

1057 3035 1411 3150 prodesse
1479 3032 1883 3115 credemus
1913 3090 1936 3119 ‚
2002 3032 2436 3115 adhibenda
2488 3036 2660 3118 sunt
2688 3093 2714 3132 ‚
2792 3068 3050 3150 eaque
3107 3055 3337 3127 etiam

1044 3180 1243 3233 *cum
1278 3148 1622 3230 dicemus
1666 3200 1690 3237 ,
1741 3145 2172 3253 promenda
2208 3200 2232 3239 ,
2293 3151 2578 3229 &cum
2608 3149 3046 3247 scribimuS‚
3094 3159 3340 3239 utdo·

1056 3288 1369 3344 ceamus
1439 3254 1847 3371 quomodo
1917 3256 2071 3339 dici
2137 3279 2512 3365 oporteat.
2665 3270 2812 3360 An.
2864 3272 3344 3351 Demosthe.

1051 3402 1194 3457 nes
1251 3370 1457 3452 male
1513 3369 1615 3451 fic
1660 3368 1925 3476 egisset
1989 3391 2074 3450 ut
2123 3369 2412 3477 scripfit
2457 3426 2484 3462 ‚
2557 3398 2713 3455 aut
2757 3380 3041 3459 Cicero
3108 3382 3138 3462 ἓ
3221 3404 3342 3464 aut

1049 3512 1184 3565 eos
1232 3480 1877 3591 praestantissimos
1925 3503 2266 3563 oratores
2327 3484 2473 3563 alia
2530 3510 2771 3591 quam
2836 3488 3159 3597 scriptis
3221 3523 3352 3577 co-

1054 3594 1493 3703 gnoscimus
1519 3603 1557 3675 ?
1611 3592 1891 3675 Melius
1934 3615 2256 3702 egerunt
2309 3596 2544 3704 igitur
2578 3652 2602 3690 ‚
2674 3627 2774 3683 an
2825 3606 3041 3709 pejus
3087 3607 3116 3687 ?
3167 3635 3349 3687 nam

1056 3707 1116 3787 si
1172 3711 1382 3810 pejus
1405 3760 1426 3794 ,
1482 3706 1607 3785 fic>
1620 3709 1877 3811 potius
1906 3706 2426 3814 oportuit‘dici
2465 3713 3078 3821 utici-ipserum:
3113 3718 3354 3800 fime-

1066 3816 1210 3900 lius
1254 3871 1278 3907 ,
1342 3815 1443 3895 fic
1484 3820 1834 3922 oportuit
1905 3816 2125 3927 scribi
2176 3810 2263 3901 ut
2320 3818 2699 3905 dixerunt.
2809 3874 2828 3895 .·
2841 3829 3057 3932 Quid
3108 3833 3343 3941 ergo?

1061 3936 1380 4042 Semper
1398 3924 1501 4012 fic
1556 3950 1730 4045 aget
1765 3952 2035 4019 orator
2061 3952 2148 4019 ut
2187 3930 2442 4025 scribit
2475 3940 2519 4018 ἓ
2583 3940 2666 4020 Si
2697 3935 3000 4039 licebit,
3019 3942 3324 4051 semper:
