3557 5113
639 208 937 350 720,
1163 164 1809 310 M-Fanu
1898 169 3127 334 Qutucrxott'ani

627 511 816 587 cu,
845 510 898 588 1,
991 479 1186 560 feret
1225 533 1247 568 ‚
1314 461 1663 559 flestatur
1703 478 1956 557 oratio
2013 458 2038 566 ξ
2130 501 2322 559 vero
2385 476 2898 565 manente‚&
2964 467 3312 553 honesta

974 593 1412 676 voluntate.
2340 611 2375 630 ⁶

1223 822 1681 924 QUANDO
1730 818 1969 922 igitur
2009 837 2279 896 orator
2320 813 2431 896 est
2460 815 2583 894 -vlr
2620 811 2908 899 bonus,
2932 814 3008 891 is
3038 832 3309 891 autem

585 916 774 996 0⁴¹³·
818 912 909 996 nb
993 935 1183 1015 citra
1231 939 1597 1013 virtutem
1659 930 1989 1035 intelligi
2049 958 2212 1009 non
2282 927 2536 1034 potest
2582 979 2605 1015 ,
2679 932 2923 1004 virtus
3002 922 3309 1002 etiarnfi

995 1045 1371 1156 quosdam
1421 1049 1760 1150 impetus
1807 1070 1905 1121 ex
1948 1063 2211 1121 natura
2250 1041 2525 1130 sumit,
2583 1060 2845 1116 tamen
2890 1036 3306 1142 perficien-

996 1159 1095 1238 da
1135 1158 1482 1238 destrina
1523 1156 1634 1235 est
1671 1186 1689 1234 :
1747 1180 2011 1234 mores
2057 1176 2232 1234 ante
2271 1157 2538 1232 omnia
2576 1152 2869 1230 oratori
2908 1149 3185 1229 studiis
3221 1177 3292 1228 e-

1000 1261 1183 1351 runt
1223 1270 1635 1350 excolendi
1679 1323 1701 1358 ‚
1774 1289 2005 1374 atque
2062 1267 2318 1344 omnis
2366 1262 2665 1343 honesti
2704 1262 3049 1368 justique
3091 1261 3292 1342 disci-

1000 1377 1212 1490 plina
1243 1377 1823 1489 pertradtanda:
1883 1377 2038 1459 fine
2075 1405 2229 1487 qua
2264 1405 2511 1458 nemo¹
2550 1402 2693 1455 nec
2725 1378 2848 1455 vir
2898 1377 3165 1456 bonus
3198 1375 3305 1454 es·-

1001 1495 1121 1579 st‚
1166 1522 1308 1575 nec
1346 1493 1652 1573 dicendi
1713 1496 2001 1596 peritus
2040 1491 2315 1594 potest.
2394 1486 2555 1569 Nili
2598 1489 2800 1568 forte
2838 1486 3309 1569 accedamus·

1000 1611 1137 1697 iis,
1192 1611 1326 1714 qui
1367 1631 1629 1685 natura
1674 1604 2023 1683 constare
2067 1630 2332 1683 mores
2363 1657 2386 1692 ‚
2428 1608 2508 1684 &
2549 1598 2741 1679 nihil
2787 1599 3152 1702 ‚adjuvari
3186 1600 3295 1681 di·

1000 1717 1316 1823 sciplina
1362 1740 1700 1823 putant:
1757 1714 2037 1795 scilicet
2076 1769 2099 1803 ‚
2175 1737 2260 1795 ut
2320 1741 2410 1794 ea
2463 1711 2785 1824 quidem
2841 1740 3026 1822 quae
3059 1742 3289 1794 manu

1000 1828 1203 1909 fiunt
1233 1886 1256 1914 ,
1333 1853 1560 1936 atque
1596 1854 1872 1906 eorum
1917 1830 2154 1905 etiam
2195 1823 2846 1917 contemtissima,
2874 1825 3277 1906 confitean-

1007 1964 1135 2019 tur
1167 1968 1395 2047 egere
1438 1938 1877 2020 dostoribus
1913 1977 1937 2030 ‚-
1994 1941 2367 2032 virtutem
2423 1968 2619 2022 vero
2647 1994 2671 2031 ‚
2721 1966 2879 2049 qua
2922 1939 3117 2019 nihil
3144 1939 3269 2018 ho·

1005 2056 1261 2136 mini,
1318 2080 1480 2161 quo
1527 2050 1625 2131 ad
1673 2049 1863 2131 deos
1933 2052 2415 2132 immortales
2483 2054 2807 2159 'propius
2866 2053 3289 2143 accederet,

1006 2163 1276 2244 datum
1315 2165 1424 2244 est
1461 2221 1486 2255 ‚
1539 2166 1851 2244 obviam
1930 2162 2415 2245 illaboratam
2452 2219 2476 2255 ,
2545 2185 2855 2246 tantum
2903 2171 3096 2273 quia
3146 2169 3295 2245 nati

1006 2284 1264 2356 lumus
1286 2333 1309 2369 ,
1336 2277 1803 2356 habeamus.¹
1844 2275 2250 2356 Abstinens
2283 2279 2426 2357 erit
2454 2331 2477 2367 ,
2535 2281 2666 2385 qui
2707 2278 2786 2358 id
2818 2276 3083 2384 ipsum
3115 2277 3289 2387 quid

871 2409 874 2412 ‘
1007 2386 1102 2468 fit
1141 2389 1588 2469 abstinentia
1625 2394 1937 2495 ignoret
1975 2387 1999 2468 ?
2063 2392 2156 2468 Et
2199 2389 2465 2481 fortis,
2527 2393 2657 2500 qui
2681 2412 2937 2473 metus
2971 2389 3292 2484 doloris,

1007 2506 1286 2583 mortis
1312 2559 1333 2594 ‚
1396 2501 1950 2609 superstitionis
1991 2559 2013 2588 ,
2074 2499 2282 2582 nulla
2323 2506 2622 2584 ratione
2657 2507 3123 2612 purgaverit
3162 2505 3301 2587 PEt

1003 2613 1241 2715 justus
1277 2672 1300 2706 ‚
1355 2619 1491 2721 qui
1526 2618 1725 2721 aequi
1769 2615 2111 2720 bonique
2149 2615 2604 2708 tractatum,
2654 2622 2791 2725 qui
2831 2618 3103 2726 leges,
3134 2646 3303 2727 quae

1003 2744 1273 2803 natura
1309 2724 1483 2805 sunt
1520 2726 1887 2806 omnibus
1923 2723 2119 2806 datae
2156 2782 2182 2811 ,
2239 2754 2564 2837 quaeque
2611 2732 2953 2837 propriae
2992 2732 3300 2837 populis

1003 2837 1086 2916 ὃ(
1124 2838 1479 2942 gentibus
1522 2837 1955 2917 constitutae
1979 2892 2002 2928 ,
2041 2864 2228 2939 ¹-non
2269 2840 2692 2937 eruditiore
2720 2844 2998 2952 aliquo
3020 2844 3293 2925 senno-

1007 2973 1109 3029 ne
1164 2949 1658 3032 trastaverit?
1708 2954 1783 3030 O
1835 2978 2073 3059 quam
2116 2949 2313 3033 istud
2340 2980 2618 3060 parum
2667 2975 2996 3065 putant,
3020 2958 3289 3066 quibus

1013 3078 1180 3139 tam
1226 3061 1442 3141 facile
1490 3060 1798 3145 videtur
1850 3064 1867 3142 l
1924 3061 2073 3143 Sed
2104 3062 2256 3144 hoe
2299 3068 2599 3148 transeo
2634 3124 2660 3159 ‚
2725 3068 3039 3178 de‘quo
3060 3073 3300 3151 nemi-

1008 3197 1197 3250 nem
1237 3176 1370 3280 qui
1407 3173 1663 3255 literas
1699 3174 1827 3257 vel
1868 3179 2139 3280 primis
2177 3231 2203 3267 ‚
2268 3200 2354 3257 ut
2402 3184 2636 3278 ajunt,
2674 3180 2901 3265 labris
2940 3180 3302 3290 degusta-

1007 3285 1169 3372 τὴ,
1224 3281 1748 3369 dubitaturum
1793 3312 2007 3393 puto.
2095 3286 2224 3368 Ad
2261 3289 2457 3373 illud
2490 3293 2812 3400 sequens
2842 3315 3299 3401 pra-vertar,

1008 3419 1110 3473 ne
1147 3393 1458 3478 dicendi
1501 3398 1820 3509 quidem
1870 3397 2039 3478 satis
2102 3404 2442 3506 peritum
2490 3407 2661 3487 fore
2701 3462 2726 3498 ,
2791 3410 2922 3517 qui
2978 3434 3158 3489 non
3224 3417 3305 3492 &

1008 3526 1303 3588 naturae
1340 3517 1505 3592 vim
1549 3539 1877 3592 omnem
1916 3516 2218 3618 penitus
2267 3515 2743 3624 perspexerit
2775 3576 2800 3612 ,
2863 3526 2943 3605 &
3024 3549 3305 3604 mores

1010 3624 1415 3725 praeceptis
1455 3650 1541 3704 ac
1599 3627 1899 3706 ratione
1953 3625 2333 3708 formarit.
2442 3636 2720 3741 Neque
2746 3635 2969 3713 'enim
3012 3634 3304 3735 flustra

1002 3731 1088 3808 in
1127 3734 1359 3811 tertio
1399 3733 1500 3815 de
1535 3741 1874 3816 Oratore
1935 3735 2141 3818 libro
2193 3741 2287 3820 L.
2318 3741 2611 3825 Crass'us
2667 3747 2938 3826 eunCta
2974 3772 3160 3854 quae
3194 3744 3301 3828 de

1004 3866 1275 3961 aequo,
1316 3845 1515 3943 justo
1548 3902 1571 3938 ‚
1635 3873 1867 3942 vere,
1914 3847 2133 3931 bono
2173 3906 2197 3944 ‚
2265 3851 2519 3961 deque
2558 3858 2651 3936 iis
2688 3884 2861 3965 quae
2888 3857 3068 3939 sunt
3108 3887 3292 3940 con-

1004 3971 1122 4035 tra
1160 3953 1400 4065 postea
1458 3956 1817 4043 dicantur
1853 4017 1878 4050 ‚
1917 3967 2239 4071 propria
2289 3964 2439 4051 effe
2511 3974 2840 4053 oratoris
2894 3969 3272 4056 affirmat.-

1051 4120 1092 4141 ι’·
1119 4122 1132 4129 ·
1204 4123 1216 4130 ·
2198 4120 2207 4127 ·
3189 4106 3276 4167 80
