3557 5113
398 227 646 400 De
690 224 1135 442 Jffit.
1200 162 1937 423 orama
1971 237 2268 412 Lib.
2332 249 2431 410 1.
2701 232 2861 401 263

263 552 462 642 Plato
506 576 691 643 cum
748 563 830 643 in
886 562 1048 669 alijs
1104 558 1598 677 quibusdam,
1655 585 1832 657 tuin
1872 562 2258 692 praec'ipue
2294 578 2379 666 in
2410 584 2632 690 “ri-c
2656 628 2703 685 Δ
2730 629 2794 687 ,,
2851 599 2963 695 22·

264 692 485 764 maeo,
530 702 629 754 ne
667 675 995 785 intelligi
1047 681 1369 786 quidem
1426 685 1567 767 nisi
1607 687 1703 767 ab
1750 692 1885 792 ijs,
1948 699 2085 803 qui
2123 699 2320 779 hanc
2351 724 2540 806 quo-
2629 704 2636 711 ’
2731 701 2799 717 ’”

260 802 402 893 que
433 807 734 892 partem
782 785 1199 897 disciplina.-
1241 793 1655 902 diligenter
1704 811 2234 912 perceperint,
2259 812 2536 915 potest.

263 897 454 997 Qid
504 897 603 977 de
658 898 1134 1007 philosophis
1182 904 1469 1013 loquor
1489 964 1512 999 ,
1564 926 1911 1017 quorum
1957 918 2133 999 fons
2186 920 2342 1025 ipse
2404 927 2538 1006 so·

261 1030 485 1089 crates
540 1014 699 1112 jam
741 1010 967 1092 senex
1020 1014 1306 1096 institui
1351 1018 1517 1126 lyra
1560 1038 1722 1103 'non
1777 1026 2308 1111 erubescebat?
2373 1038 2540 1114 Du-

261 1142 373 1201 ces
420 1124 803 1202 maximos
860 1130 939 1204 &
991 1124 1267 1208 fidibus
1325 1126 1404 1210 ’δε
1479 1132 1680 1236 tibijs
1722 1140 2067 1219 cecinisse
2120 1142 2539 1236 traditum,

265 1239 333 1314 ὅτ
369 1237 740 1313 exercitus
788 1233 1569 1322 Lacedaemoniorum
1622 1247 1923 1329 musicis
1964 1255 2315 1334 accensos
2367 1283 2536 1338 moa

260 1338 381 1425 dis.
482 1336 695 1450 Qid
750 1369 1011 1427 autem
1058 1349 1266 1431 aliud
1309 1354 1391 1431 in
1439 1355 1713 1436 nostris
1768 1359 2199 1466 legionibus
2246 1389 2538 1448 cornua

266 1476 351 1536 ac
398 1457 577 1537 tubae
623 1458 1368 1568 facimit?.quorum
1426 1489 1845 1550 concentus
1895 1496 2196 1582 quanto
2238 1477 2350 1557 est
2400 1504 2532 1561 ve-

272 1568 714 1660 hementior,
762 1591 1067 1651 tantum
1129 1578 1489 1657 Romana
1532 1583 1614 1658 in
1674 1582 1892 1662 bellis
1939 1585 2188 1693 gloria
2238 1593 2530 1670 caeteris

265 1679 549 1785 praestat.
644 1682 832 1761 Non
867 1686 1104 1789 igitur
1147 1687 1420 1768 frustra
1474 1689 1690 1771 Plato
1738 1696 1944 1777 civili
1999 1699 2173 1778 viro
2204 1746 2226 1788 ,
2291 1721 2533 1807 quem

257 1794 572 1872 ramma,
610 1815 934 1884 vocant,
991 1792 1480 1879 necessariam
1537 1802 1880 1886 muficen
1948 1807 2294 1890 credidit.
2434 1811 2530 1893 Et

262 1908 398 2007 ejus
444 1904 695 1996 sestae,
760 1926 931 2015 quae
980 1907 1142 2013 alijs
1199 1908 1701 2015 sever-mima,
1762 1918 1926 2022 alijs
1973 1919 2391 2028 asperrima
2424 1926 2528 2003 vi»

256 2016 501 2109 detur,
556 2022 940 2127 principes
998 2023 1077 2100 in
1116 2022 1256 2102 hac
1305 2023 1520 2104 fuere
1561 2026 1933 2111 sententia
1954 2086 1976 2121 ,
2021 2054 2109 2112 ut
2141 2032 2529 2114 existima*

254 2149 413 2212 rent
480 2129 906 2239 sapientum
962 2133 1258 2242 aliquos
1308 2138 1767 2218 nonnullam
1832 2162 2153 2250 operam
2212 2144 2330 2224 his
2381 2145 2534 2225 stu*

246 2238 383 2342 diis
436 2242 1172 2326 accommodaturos.
1317 2268 1399 2348 et
1465 2250 1868 2358 Lycurgus
1949 2253 2527 2339 duriffimarum

253 2350 834 2458 Lacedaemomjs
926 2357 1191 2464 legum
1263 2359 1528 2440 auc'cor
1562 2410 1583 2446 ³
1670 2363 1990 2445 musices
2044 2365 2524 2473 disciplinam
2567 2468 2574 2474 ⁵

257 2465 611 2574 probavit.
707 2473 972 2578 Atque
1039 2496 1215 2549 earn
1268 2492 1539 2552 natura
1610 2474 1766 2582 ipsa
1819 2473 2125 2558 videtur
2173 2477 2272 2558 ad
2326 2478 2519 2559 tole-

250 2577 511 2661 midos
584 2580 877 2663 facilius
931 2582 1228 2663 labores
1271 2583 1487 2665 velut
1557 2592 1866 2668 muneri
1920 2589 2140 2670 nobis
2210 2588 2514 2675 dedisse.

243 2689 619 2800 Siquidem
664 2695 744 2774 δε
784 2697 1165 2801 remigem
1205 2715 1470 2777 cantus
1512 2697 1910 2808 hortatur:
1964 2727 2109 2782 nec
2145 2700 2396 2783 solum
2436 2707 2520 2783 in

251 2802 330 2900 ijs
373 2801 728 2913 operibus
759 2860 783 2896 ‚
846 2808 926 2885 in
981 2807 1255 2914 quibus
1321 2807 1666 2914 plurium
1742 2830 2061 2892 conatus
2122 2808 2540 2920 praeeunte*
2614 2875 2618 2880 .

247 2913 467 3024 aliqua
519 2914 855 3018 jucunda
890 2941 1082 3000 voce
1117 2919 1537 3026 conspirat,
1581 2919 1712 3003 sed
1750 2927 1992 3004 etiam
2038 2924 2520 3032 singulorum

241 3023 564 3135 fatigatio
602 3029 1026 3138 quamlibet
1063 3030 1137 3110 se
1177 3030 1352 3112 rudi
1388 3029 1923 3117 modulatione
1965 3033 2272 3117 solatur.
2314 3039 2514 3117 Lau-

246 3130 408 3219 dem
459 3140 719 3222 adhuc
777 3141 1032 3222 dicere
1079 3146 1260 3223 artis
1325 3142 1870 3250 pulcherrimas
1926 3146 2203 3230 videor
2239 3201 2263 3239 ‚
2318 3169 2514 3228 non*-

242 3245 408 3332 dum
437 3275 708 3334 tamen
742 3276 917 3335 eam
951 3258 1249 3335 oratori
1277 3258 1768 3362 conjungere.
1833 3258 2339 3340 Transeamus
2373 3261 2515 3364 igi„

236 3380 383 3457 tur,
443 3365 665 3474 quod
715 3372 1219 3473 grammatice
1278 3365 1679 3475 quondam
1745 3387 1833 3449 ac
1896 3365 2180 3451 musice
2237 3371 2512 3474 juncia:

239 3469 544 3558 sinerum.
619 3477 1014 3589 Siquidem
1041 3479 1395 3561 Architas
1435 3501 1666 3588 atque
1719 3480 2224 3563 Aristoxenus
2270 3484 2512 3564 etiam
2595 3519 2602 3529 ·

248 3584 625 3690 fiibjestam
683 3596 1245 3697 grammaticen
1296 3589 1599 3673 musicae
1642 3613 2147 3699 putaverunt,
2211 3594 2293 3676 &
2349 3593 2509 3675 eof-
2571 3599 2605 3630 ⁴⁵

255 3689 401 3779 dem
437 3701 841 3813 utriusque
892 3704 1005 3782 rei
1046 3723 1557 3812 praeceptores
1604 3703 1816 3784 fuiss'e
1835 3759 1861 3798 ,
1918 3727 2103 3787 cum
2153 3704 2515 3813 Sophron

251 3806 535 3895 ostendit
579 3819 1025 3895 mimorum
1068 3812 1388 3924 quidem
1441 3814 1806 3924 scriptor,
1850 3816 1981 3898 sed
2013 3837 2253 3927 quern
2294 3817 2513 3897 Plato

229 3917 411 4001 adeo
427 3926 803 4033 probavit
825 3981 849 4016 ‚
915 3949 998 4006 ut
1058 3926 1477 4035 suppositos
1534 3933 1762 4038 capiti
1818 3927 2057 4010 libros
2103 3934 2292 4033 ejus,
2325 3945 2513 4009 cum

219 4055 651 4152 moreretur
666 4097 693 4138 ‚
762 4036 1095 4151 habBiffi':
1146 4036 1501 4148 credatur
1526 4073 1570 4140 3·
1645 4064 1819 4149 turn
1863 4042 2237 4155 Eupolis,
2301 4032 2509 4141 apud

1389 4157 1422 4237 1
2267 4171 2512 4267 quem
