<?xml version="1.0" encoding="UTF-8"?>
<!DOCTYPE html PUBLIC "-//W3C//DTD XHTML 1.0 Transitional//EN"
    "http://www.w3.org/TR/xhtml1/DTD/xhtml1-transitional.dtd">
<html xmlns="http://www.w3.org/1999/xhtml" xml:lang="en" lang="en">
 <head>
  <title>
</title>
<meta http-equiv="Content-Type" content="text/html;charset=utf-8" />
  <meta name='ocr-system' content='tesseract 3.04.00' />
  <meta name='ocr-capabilities' content='ocr_page ocr_carea ocr_par ocr_line ocrx_word'/>
</head>
<body>
  <div class='ocr_page' id='page_1' title='image "./deinstitutioneo00obregoog_0839.png"; bbox 0 0 3557 5113; ppageno 0'>
   <div class='ocr_carea' id='block_1_1' title="bbox 307 141 2828 479">
    <p class='ocr_par' dir='ltr' id='par_1_1' title="bbox 307 141 2828 479">
     <span class='ocr_line' id='line_1_1' title="bbox 307 141 2828 479; baseline -0.006 -44"><span class='ocrx_word' id='word_1_1' title='bbox 307 187 557 435; x_wconf 82' lang='lat' dir='ltr'><strong>De</strong></span> <span class='ocrx_word' id='word_1_2' title='bbox 591 268 1025 479; x_wconf 77' lang='lat' dir='ltr'><strong>Instit.</strong></span> <span class='ocrx_word' id='word_1_3' title='bbox 1059 141 2388 457; x_wconf 56' lang='lat' dir='ltr'><strong>Orat0r2d2Lib.{(&#39;I.</strong></span> <span class='ocrx_word' id='word_1_4' title='bbox 2570 283 2828 423; x_wconf 69' lang='lat'><strong>‘697</strong></span> 
     </span>
    </p>
   </div>
   <div class='ocr_carea' id='block_1_2' title="bbox 119 567 2869 4051">
    <p class='ocr_par' dir='ltr' id='par_1_2' title="bbox 119 567 2869 4051">
     <span class='ocr_line' id='line_1_2' title="bbox 167 567 2869 697; baseline 0.005 -34.137"><span class='ocrx_word' id='word_1_5' title='bbox 167 567 627 691; x_wconf 83' lang='lat' dir='ltr'><strong>splendidus</strong></span> <span class='ocrx_word' id='word_1_6' title='bbox 668 586 1066 668; x_wconf 64' lang='lat' dir='ltr'><strong>&amp;virilis¹</strong></span> <span class='ocrx_word' id='word_1_7' title='bbox 1151 579 1363 669; x_wconf 87' lang='lat' dir='ltr'><strong>Nam</strong></span> <span class='ocrx_word' id='word_1_8' title='bbox 1430 595 1507 671; x_wconf 87' lang='lat'>&amp;</span> <span class='ocrx_word' id='word_1_9' title='bbox 1564 612 1814 697; x_wconf 86' lang='lat' dir='ltr'><strong>toga,</strong></span> <span class='ocrx_word' id='word_1_10' title='bbox 1868 596 1947 673; x_wconf 85' lang='lat'>&amp;</span> <span class='ocrx_word' id='word_1_11' title='bbox 2007 593 2345 677; x_wconf 89' lang='lat' dir='ltr'><strong>calceus,</strong></span> <span class='ocrx_word' id='word_1_12' title='bbox 2392 600 2471 676; x_wconf 73' lang='grc' dir='ltr'><strong>ὅ(</strong></span> <span class='ocrx_word' id='word_1_13' title='bbox 2549 576 2731 650; x_wconf 61' lang='lat' dir='ltr'><strong>CM&#39;·</strong></span> <span class='ocrx_word' id='word_1_14' title='bbox 2757 573 2869 649; x_wconf 75' lang='lat'><strong>¹¹¹·</strong></span> 
     </span>
     <span class='ocr_line' id='line_1_3' title="bbox 192 695 2471 809; baseline 0.005 -34"><span class='ocrx_word' id='word_1_15' title='bbox 192 695 505 804; x_wconf 86' lang='lat' dir='ltr'>capillus</span> <span class='ocrx_word' id='word_1_16' title='bbox 532 751 557 788; x_wconf 88' lang='lat'>,</span> <span class='ocrx_word' id='word_1_17' title='bbox 638 720 800 777; x_wconf 91' lang='lat' dir='ltr'><strong>tam</strong></span> <span class='ocrx_word' id='word_1_18' title='bbox 845 702 1084 779; x_wconf 87' lang='lat' dir='ltr'><strong>nimia</strong></span> <span class='ocrx_word' id='word_1_19' title='bbox 1131 729 1312 781; x_wconf 85' lang='lat' dir='ltr'><strong>cura</strong></span> <span class='ocrx_word' id='word_1_20' title='bbox 1364 727 1596 809; x_wconf 89' lang='lat' dir='ltr'><strong>quam</strong></span> <span class='ocrx_word' id='word_1_21' title='bbox 1635 701 2105 809; x_wconf 84' lang='lat' dir='ltr'>negligentia</span> <span class='ocrx_word' id='word_1_22' title='bbox 2140 705 2314 784; x_wconf 89' lang='lat' dir='ltr'><strong>sunt</strong></span> <span class='ocrx_word' id='word_1_23' title='bbox 2353 734 2471 786; x_wconf 89' lang='lat' dir='ltr'><strong>re-</strong></span> 
     </span>
     <span class='ocr_line' id='line_1_4' title="bbox 192 801 2469 922; baseline 0.004 -35"><span class='ocrx_word' id='word_1_24' title='bbox 192 801 757 914; x_wconf 85' lang='lat' dir='ltr'><strong>prehendenda.</strong></span> <span class='ocrx_word' id='word_1_25' title='bbox 852 810 978 890; x_wconf 77' lang='lat' dir='ltr'><strong>Est</strong></span> <span class='ocrx_word' id='word_1_26' title='bbox 1013 811 1362 920; x_wconf 89' lang='lat' dir='ltr'><strong>aliquid</strong></span> <span class='ocrx_word' id='word_1_27' title='bbox 1344 841 1425 892; x_wconf 80' lang='lat' dir='ltr'><strong>in</strong></span> <span class='ocrx_word' id='word_1_28' title='bbox 1462 815 1745 895; x_wconf 58' lang='lat' dir='ltr'><strong>amictu</strong></span> <span class='ocrx_word' id='word_1_29' title='bbox 1786 869 1810 905; x_wconf 89' lang='lat'>,</span> <span class='ocrx_word' id='word_1_30' title='bbox 1848 815 2064 922; x_wconf 90' lang='lat' dir='ltr'><strong>quod</strong></span> <span class='ocrx_word' id='word_1_31' title='bbox 2099 817 2348 921; x_wconf 85' lang='lat' dir='ltr'><strong>ipsum</strong></span> <span class='ocrx_word' id='word_1_32' title='bbox 2391 847 2469 897; x_wconf 88' lang='lat' dir='ltr'><strong>a-</strong></span> 
     </span>
     <span class='ocr_line' id='line_1_5' title="bbox 191 920 2464 1029; baseline 0.005 -31"><span class='ocrx_word' id='word_1_33' title='bbox 191 920 622 1029; x_wconf 87' lang='lat' dir='ltr'><strong>liquatenus</strong></span> <span class='ocrx_word' id='word_1_34' title='bbox 666 943 1112 1028; x_wconf 89' lang='lat' dir='ltr'><strong>temporum</strong></span> <span class='ocrx_word' id='word_1_35' title='bbox 1147 925 1595 1005; x_wconf 86' lang='lat' dir='ltr'><strong>conditione</strong></span> <span class='ocrx_word' id='word_1_36' title='bbox 1627 948 2013 1007; x_wconf 90' lang='lat' dir='ltr'><strong>mutatum</strong></span> <span class='ocrx_word' id='word_1_37' title='bbox 2059 929 2187 1005; x_wconf 86' lang='lat' dir='ltr'><strong>est.</strong></span> <span class='ocrx_word' id='word_1_38' title='bbox 2258 936 2464 1009; x_wconf 90' lang='lat' dir='ltr'><strong>Nam</strong></span> 
     </span>
     <span class='ocr_line' id='line_1_6' title="bbox 189 1033 2481 1145; baseline 0.003 -32"><span class='ocrx_word' id='word_1_39' title='bbox 189 1033 573 1113; x_wconf 87' lang='lat' dir='ltr'><strong>veteribus</strong></span> <span class='ocrx_word' id='word_1_40' title='bbox 613 1033 809 1113; x_wconf 87' lang='lat' dir='ltr'><strong>nulli</strong></span> <span class='ocrx_word' id='word_1_41' title='bbox 844 1033 1100 1115; x_wconf 90' lang='lat' dir='ltr'><strong>sinus:</strong></span> <span class='ocrx_word' id='word_1_42' title='bbox 1166 1062 1544 1144; x_wconf 84' lang='lat' dir='ltr'><strong>perquam</strong></span> <span class='ocrx_word' id='word_1_43' title='bbox 1584 1039 1854 1118; x_wconf 83' lang='lat' dir='ltr'><strong>breves</strong></span> <span class='ocrx_word' id='word_1_44' title='bbox 1887 1041 2060 1145; x_wconf 84' lang='lat' dir='ltr'><strong>post</strong></span> <span class='ocrx_word' id='word_1_45' title='bbox 2094 1039 2266 1119; x_wconf 89' lang='lat' dir='ltr'><strong>illos</strong></span> <span class='ocrx_word' id='word_1_46' title='bbox 2302 1042 2481 1119; x_wconf 52' lang='lat' dir='ltr'><strong>fue..</strong></span> 
     </span>
     <span class='ocr_line' id='line_1_7' title="bbox 173 1146 2480 1257; baseline 0.003 -33"><span class='ocrx_word' id='word_1_47' title='bbox 173 1150 699 1255; x_wconf 85' lang='lat' dir='ltr'><strong>.runt.1taque</strong></span> <span class='ocrx_word' id='word_1_48' title='bbox 737 1148 972 1227; x_wconf 87' lang='lat' dir='ltr'><strong>etiam</strong></span> <span class='ocrx_word' id='word_1_49' title='bbox 1004 1147 1220 1255; x_wconf 84' lang='lat' dir='ltr'><strong>gestu</strong></span> <span class='ocrx_word' id='word_1_50' title='bbox 1262 1146 1558 1228; x_wconf 85' lang='lat' dir='ltr'><strong>necesse</strong></span> <span class='ocrx_word' id='word_1_51' title='bbox 1597 1148 1707 1226; x_wconf 90' lang='lat' dir='ltr'><strong>est</strong></span> <span class='ocrx_word' id='word_1_52' title='bbox 1750 1147 1917 1230; x_wconf 89' lang='lat' dir='ltr'><strong>usos</strong></span> <span class='ocrx_word' id='word_1_53' title='bbox 1958 1151 2102 1230; x_wconf 82' lang='lat' dir='ltr'><strong>effe</strong></span> <span class='ocrx_word' id='word_1_54' title='bbox 2149 1155 2228 1230; x_wconf 90' lang='lat' dir='ltr'><strong>in</strong></span> <span class='ocrx_word' id='word_1_55' title='bbox 2251 1156 2480 1257; x_wconf 84' lang='lat' dir='ltr'><strong>prin·-</strong></span> 
     </span>
     <span class='ocr_line' id='line_1_8' title="bbox 165 1251 2457 1366; baseline 0.002 -31.042"><span class='ocrx_word' id='word_1_56' title='bbox 165 1259 405 1363; x_wconf 84' lang='lat' dir='ltr'><strong>cipiis</strong></span> <span class='ocrx_word' id='word_1_57' title='bbox 441 1284 573 1337; x_wconf 89' lang='lat' dir='ltr'><strong>eos</strong></span> <span class='ocrx_word' id='word_1_58' title='bbox 604 1256 813 1350; x_wconf 89' lang='lat' dir='ltr'><strong>alio,</strong></span> <span class='ocrx_word' id='word_1_59' title='bbox 880 1285 1221 1366; x_wconf 89' lang='lat' dir='ltr'><strong>quorum</strong></span> <span class='ocrx_word' id='word_1_60' title='bbox 1263 1251 1724 1350; x_wconf 85' lang='lat' dir='ltr'>brachium,</span> <span class='ocrx_word' id='word_1_61' title='bbox 1763 1256 1957 1341; x_wconf 86' lang='lat' dir='ltr'><strong>ficut</strong></span> <span class='ocrx_word' id='word_1_62' title='bbox 1979 1266 2457 1354; x_wconf 70' lang='lat' dir='ltr'><strong>Graecorum,</strong></span> 
     </span>
     <span class='ocr_line' id='line_1_9' title="bbox 182 1368 2463 1480; baseline 0.002 -32"><span class='ocrx_word' id='word_1_63' title='bbox 182 1369 387 1449; x_wconf 86' lang='lat' dir='ltr'><strong>veste</strong></span> <span class='ocrx_word' id='word_1_64' title='bbox 425 1370 987 1452; x_wconf 85' lang='lat' dir='ltr'><strong>continebatur.</strong></span> <span class='ocrx_word' id='word_1_65' title='bbox 1099 1368 1248 1451; x_wconf 85' lang='lat' dir='ltr'><strong>Sed</strong></span> <span class='ocrx_word' id='word_1_66' title='bbox 1306 1398 1450 1450; x_wconf 91' lang='lat' dir='ltr'><strong>nos</strong></span> <span class='ocrx_word' id='word_1_67' title='bbox 1515 1368 1615 1449; x_wconf 91' lang='lat' dir='ltr'><strong>de</strong></span> <span class='ocrx_word' id='word_1_68' title='bbox 1665 1371 2154 1477; x_wconf 81' lang='lat' dir='ltr'><strong>praesentibus</strong></span> <span class='ocrx_word' id='word_1_69' title='bbox 2205 1373 2463 1480; x_wconf 69' lang='lat' dir='ltr'><strong>loquia-</strong></span> 
     </span>
     <span class='ocr_line' id='line_1_10' title="bbox 179 1479 2459 1589; baseline 0.002 -30"><span class='ocrx_word' id='word_1_70' title='bbox 179 1509 378 1561; x_wconf 89' lang='lat' dir='ltr'><strong>mur.</strong></span> <span class='ocrx_word' id='word_1_71' title='bbox 471 1485 614 1561; x_wconf 89' lang='lat' dir='ltr'><strong>Cui</strong></span> <span class='ocrx_word' id='word_1_72' title='bbox 659 1479 1047 1565; x_wconf 88' lang='lat' dir='ltr'><strong>laticlavi</strong></span> <span class='ocrx_word' id='word_1_73' title='bbox 1024 1510 1138 1584; x_wconf 67' lang='lat' dir='ltr'><strong>jus</strong></span> <span class='ocrx_word' id='word_1_74' title='bbox 1177 1510 1337 1562; x_wconf 91' lang='lat' dir='ltr'><strong>non</strong></span> <span class='ocrx_word' id='word_1_75' title='bbox 1381 1485 1575 1564; x_wconf 72' lang='lat' dir='ltr'><strong>erit,</strong></span> <span class='ocrx_word' id='word_1_76' title='bbox 1615 1485 1719 1561; x_wconf 88' lang='lat' dir='ltr'><strong>ita</strong></span> <span class='ocrx_word' id='word_1_77' title='bbox 1757 1485 2159 1589; x_wconf 85' lang='lat' dir='ltr'><strong>cingatur,</strong></span> <span class='ocrx_word' id='word_1_78' title='bbox 2205 1507 2291 1564; x_wconf 88' lang='lat' dir='ltr'><strong>ut</strong></span> <span class='ocrx_word' id='word_1_79' title='bbox 2340 1508 2459 1564; x_wconf 87' lang='lat' dir='ltr'><strong>tu·-</strong></span> 
     </span>
     <span class='ocr_line' id='line_1_11' title="bbox 176 1591 2461 1702; baseline 0.001 -31"><span class='ocrx_word' id='word_1_80' title='bbox 176 1597 369 1674; x_wconf 81' lang='lat' dir='ltr'><strong>nicae</strong></span> <span class='ocrx_word' id='word_1_81' title='bbox 433 1591 820 1698; x_wconf 81' lang='lat' dir='ltr'><strong>prioribus</strong></span> <span class='ocrx_word' id='word_1_82' title='bbox 871 1597 1028 1674; x_wconf 88' lang='lat' dir='ltr'><strong>oris</strong></span> <span class='ocrx_word' id='word_1_83' title='bbox 1085 1594 1280 1675; x_wconf 89' lang='lat' dir='ltr'><strong>infra</strong></span> <span class='ocrx_word' id='word_1_84' title='bbox 1333 1620 1588 1700; x_wconf 83' lang='lat' dir='ltr'><strong>genua</strong></span> <span class='ocrx_word' id='word_1_85' title='bbox 1641 1595 1959 1701; x_wconf 83' lang='lat' dir='ltr'><strong>paulum</strong></span> <span class='ocrx_word' id='word_1_86' title='bbox 2015 1596 2461 1702; x_wconf 88' lang='lat' dir='ltr'><strong>posteriori-</strong></span> 
     </span>
     <span class='ocr_line' id='line_1_12' title="bbox 119 1695 2471 1834; baseline 0.001 -51"><span class='ocrx_word' id='word_1_87' title='bbox 119 1801 126 1808; x_wconf 34' lang='grc'><strong><em>,</em></strong></span> <span class='ocrx_word' id='word_1_88' title='bbox 177 1703 316 1784; x_wconf 91' lang='lat' dir='ltr'><strong>bus</strong></span> <span class='ocrx_word' id='word_1_89' title='bbox 353 1703 449 1784; x_wconf 88' lang='lat' dir='ltr'><strong>ad</strong></span> <span class='ocrx_word' id='word_1_90' title='bbox 500 1704 805 1793; x_wconf 90' lang='lat' dir='ltr'><strong>medios</strong></span> <span class='ocrx_word' id='word_1_91' title='bbox 830 1695 1170 1814; x_wconf 81' lang='lat' dir='ltr'><strong>poplites</strong></span> <span class='ocrx_word' id='word_1_92' title='bbox 1200 1705 1435 1834; x_wconf 90' lang='lat' dir='ltr'><strong>usque</strong></span> <span class='ocrx_word' id='word_1_93' title='bbox 1474 1709 1953 1811; x_wconf 80' lang='lat' dir='ltr'><strong>perveniant.</strong></span> <span class='ocrx_word' id='word_1_94' title='bbox 2018 1713 2228 1787; x_wconf 85' lang='lat' dir='ltr'><strong>Nam</strong></span> <span class='ocrx_word' id='word_1_95' title='bbox 2265 1706 2471 1786; x_wconf 84' lang='lat' dir='ltr'><strong>infra</strong></span> 
     </span>
     <span class='ocr_line' id='line_1_13' title="bbox 174 1816 2460 1946; baseline 0.002 -52"><span class='ocrx_word' id='word_1_96' title='bbox 174 1816 769 1922; x_wconf 78' lang='lat' dir='ltr'><strong>mulierum&#39;est‚</strong></span> <span class='ocrx_word' id='word_1_97' title='bbox 795 1817 1036 1926; x_wconf 89' lang='lat' dir='ltr'><strong>supra</strong></span> <span class='ocrx_word' id='word_1_98' title='bbox 1038 1823 1610 1899; x_wconf 86' lang='lat' dir='ltr'><strong>centurionum</strong></span> <span class='ocrx_word' id='word_1_99' title='bbox 1699 1822 1810 1900; x_wconf 93' lang='lat' dir='ltr'><strong>Ut</strong></span> <span class='ocrx_word' id='word_1_100' title='bbox 1850 1844 2209 1946; x_wconf 84' lang='lat' dir='ltr'><strong>purpurae</strong></span> <span class='ocrx_word' id='word_1_101' title='bbox 2253 1819 2460 1898; x_wconf 65' lang='lat' dir='ltr'><strong>reste</strong></span> 
     </span>
     <span class='ocr_line' id='line_1_14' title="bbox 172 1926 2455 2036; baseline 0 -29"><span class='ocrx_word' id='word_1_102' title='bbox 172 1926 688 2012; x_wconf 82' lang='lat' dir='ltr'><strong>delcendant,</strong></span> <span class='ocrx_word' id='word_1_103' title='bbox 750 1929 942 2010; x_wconf 87' lang='lat' dir='ltr'><strong>levis</strong></span> <span class='ocrx_word' id='word_1_104' title='bbox 996 1958 1176 2010; x_wconf 86' lang='lat' dir='ltr'><strong>cura</strong></span> <span class='ocrx_word' id='word_1_105' title='bbox 1224 1930 1356 2011; x_wconf 88' lang='lat' dir='ltr'><strong>est.</strong></span> <span class='ocrx_word' id='word_1_106' title='bbox 1449 1934 1789 2009; x_wconf 87' lang='lat' dir='ltr'><strong>Notatur</strong></span> <span class='ocrx_word' id='word_1_107' title='bbox 1851 1935 2168 2010; x_wconf 87' lang='lat' dir='ltr'><strong>interim</strong></span> <span class='ocrx_word' id='word_1_108' title='bbox 2206 1930 2455 2036; x_wconf 85' lang='lat' dir='ltr'><strong>negli-</strong></span> 
     </span>
     <span class='ocr_line' id='line_1_15' title="bbox 165 2039 2463 2146; baseline 0.002 -28"><span class='ocrx_word' id='word_1_109' title='bbox 165 2043 455 2146; x_wconf 85' lang='lat' dir='ltr'><strong>gentia.</strong></span> <span class='ocrx_word' id='word_1_110' title='bbox 522 2042 812 2118; x_wconf 90' lang='lat' dir='ltr'><strong>Latum</strong></span> <span class='ocrx_word' id='word_1_111' title='bbox 860 2040 1312 2120; x_wconf 90' lang='lat' dir='ltr'><strong>habentium</strong></span> <span class='ocrx_word' id='word_1_112' title='bbox 1353 2039 1664 2121; x_wconf 86' lang='lat' dir='ltr'><strong>clavum</strong></span> <span class='ocrx_word' id='word_1_113' title='bbox 1724 2042 2005 2122; x_wconf 88' lang='lat' dir='ltr'><strong>modus</strong></span> <span class='ocrx_word' id='word_1_114' title='bbox 2044 2043 2198 2126; x_wconf 86' lang='lat' dir='ltr'><strong>est,</strong></span> <span class='ocrx_word' id='word_1_115' title='bbox 2224 2065 2308 2121; x_wconf 91' lang='lat' dir='ltr'><strong>ut</strong></span> <span class='ocrx_word' id='word_1_116' title='bbox 2359 2040 2450 2122; x_wconf 85' lang='lat' dir='ltr'><strong>fit</strong></span> <span class='ocrx_word' id='word_1_117' title='bbox 2458 2073 2463 2076; x_wconf 86' lang='lat'><em>·</em></span> 
     </span>
     <span class='ocr_line' id='line_1_16' title="bbox 166 2147 2556 2257; baseline 0.001 -27"><span class='ocrx_word' id='word_1_118' title='bbox 166 2152 491 2257; x_wconf 86' lang='lat' dir='ltr'><strong>paulum</strong></span> <span class='ocrx_word' id='word_1_119' title='bbox 532 2151 798 2230; x_wconf 71' lang='lat' dir='ltr'><strong>cinstis</strong></span> <span class='ocrx_word' id='word_1_120' title='bbox 831 2147 1324 2231; x_wconf 86' lang='lat' dir='ltr'><strong>summissior.</strong></span> <span class='ocrx_word' id='word_1_121' title='bbox 1410 2149 1662 2256; x_wconf 84' lang='lat' dir='ltr'><strong>Ipsam</strong></span> <span class='ocrx_word' id='word_1_122' title='bbox 1706 2173 1982 2257; x_wconf 83' lang='lat' dir='ltr'><strong>togam</strong></span> <span class='ocrx_word' id='word_1_123' title='bbox 2033 2148 2455 2232; x_wconf 88' lang='lat' dir='ltr'><strong>rotundam</strong></span> <span class='ocrx_word' id='word_1_124' title='bbox 2550 2157 2556 2170; x_wconf 85' lang='lat'><em>&#39;</em></span> 
     </span>
     <span class='ocr_line' id='line_1_17' title="bbox 149 2253 2454 2369; baseline -0 -26"><span class='ocrx_word' id='word_1_125' title='bbox 149 2262 365 2368; x_wconf 79' lang='lat' dir='ltr'><strong>effe,</strong></span> <span class='ocrx_word' id='word_1_126' title='bbox 431 2265 509 2342; x_wconf 74' lang='grc' dir='ltr'><strong>δε</strong></span> <span class='ocrx_word' id='word_1_127' title='bbox 553 2284 730 2369; x_wconf 88' lang='lat' dir='ltr'><strong>apte</strong></span> <span class='ocrx_word' id='word_1_128' title='bbox 777 2261 1045 2343; x_wconf 75' lang='lat' dir='ltr'><strong>caelam</strong></span> <span class='ocrx_word' id='word_1_129' title='bbox 1089 2253 1366 2343; x_wconf 84' lang='lat' dir='ltr'><strong>velim.</strong></span> <span class='ocrx_word' id='word_1_130' title='bbox 1433 2261 1687 2340; x_wconf 88' lang='lat' dir='ltr'><strong>Aliter</strong></span> <span class='ocrx_word' id='word_1_131' title='bbox 1727 2266 1946 2341; x_wconf 88' lang='lat' dir='ltr'><strong>enim</strong></span> <span class='ocrx_word' id='word_1_132' title='bbox 1980 2262 2248 2343; x_wconf 87' lang='lat' dir='ltr'><strong>multis</strong></span> <span class='ocrx_word' id='word_1_133' title='bbox 2277 2282 2454 2342; x_wconf 87' lang='lat' dir='ltr'><strong>mo-</strong></span> 
     </span>
     <span class='ocr_line' id='line_1_18' title="bbox 164 2372 2452 2480; baseline -0.001 -26"><span class='ocrx_word' id='word_1_134' title='bbox 164 2373 281 2456; x_wconf 90' lang='lat' dir='ltr'><strong>dis</strong></span> <span class='ocrx_word' id='word_1_135' title='bbox 337 2375 472 2455; x_wconf 90' lang='lat' dir='ltr'><strong>fiet</strong></span> <span class='ocrx_word' id='word_1_136' title='bbox 525 2377 890 2476; x_wconf 79' lang='lat' dir='ltr'><strong>enormis.</strong></span> <span class='ocrx_word' id='word_1_137' title='bbox 994 2379 1169 2455; x_wconf 87' lang='lat' dir='ltr'><strong>Pars</strong></span> <span class='ocrx_word' id='word_1_138' title='bbox 1205 2379 1362 2476; x_wconf 86' lang='lat' dir='ltr'><strong>ejus</strong></span> <span class='ocrx_word' id='word_1_139' title='bbox 1403 2375 1621 2480; x_wconf 91' lang='lat' dir='ltr'><strong>prior</strong></span> <span class='ocrx_word' id='word_1_140' title='bbox 1663 2372 1945 2453; x_wconf 90' lang='lat' dir='ltr'><strong>mediis</strong></span> <span class='ocrx_word' id='word_1_141' title='bbox 1978 2375 2324 2455; x_wconf 86' lang='lat' dir='ltr'><strong>cruribus</strong></span> <span class='ocrx_word' id='word_1_142' title='bbox 2364 2401 2452 2453; x_wconf 84' lang='lat' dir='ltr'><strong>o-</strong></span> 
     </span>
     <span class='ocr_line' id='line_1_19' title="bbox 161 2481 2455 2593; baseline 0 -26"><span class='ocrx_word' id='word_1_143' title='bbox 161 2490 413 2593; x_wconf 87' lang='lat' dir='ltr'><strong>ptime</strong></span> <span class='ocrx_word' id='word_1_144' title='bbox 452 2489 957 2569; x_wconf 87' lang='lat' dir='ltr'><strong>terminatur</strong></span> <span class='ocrx_word' id='word_1_145' title='bbox 947 2539 976 2577; x_wconf 85' lang='lat'>‚</span> <span class='ocrx_word' id='word_1_146' title='bbox 1049 2486 1430 2593; x_wconf 89' lang='lat' dir='ltr'><strong>posterior</strong></span> <span class='ocrx_word' id='word_1_147' title='bbox 1486 2481 1763 2564; x_wconf 89' lang='lat' dir='ltr'><strong>eadem</strong></span> <span class='ocrx_word' id='word_1_148' title='bbox 1816 2488 2185 2593; x_wconf 89' lang='lat' dir='ltr'><strong>portione</strong></span> <span class='ocrx_word' id='word_1_149' title='bbox 2228 2485 2455 2567; x_wconf 86' lang='lat' dir='ltr'><strong>altius</strong></span> 
     </span>
     <span class='ocr_line' id='line_1_20' title="bbox 220 2594 2454 2706; baseline -0.001 -26"><span class='ocrx_word' id='word_1_150' title='bbox 220 2626 398 2680; x_wconf 89' lang='lat' dir='ltr'><strong>uam</strong></span> <span class='ocrx_word' id='word_1_151' title='bbox 455 2602 822 2681; x_wconf 62' lang='lat' dir='ltr'><strong>cinctura.</strong></span> <span class='ocrx_word' id='word_1_152' title='bbox 931 2600 1153 2680; x_wconf 90' lang='lat' dir='ltr'><strong>Sinus</strong></span> <span class='ocrx_word' id='word_1_153' title='bbox 1223 2594 1803 2679; x_wconf 70' lang='lat' dir='ltr'><strong>decentissimus</strong></span> <span class='ocrx_word' id='word_1_154' title='bbox 1839 2653 1866 2689; x_wconf 90' lang='lat'>‚</span> <span class='ocrx_word' id='word_1_155' title='bbox 1926 2597 1982 2678; x_wconf 84' lang='lat' dir='ltr'>fi</span> <span class='ocrx_word' id='word_1_156' title='bbox 2053 2599 2454 2706; x_wconf 87' lang='lat' dir='ltr'><strong>aliquanto</strong></span> 
     </span>
     <span class='ocr_line' id='line_1_21' title="bbox 160 2627 2451 2836; baseline -0.001 -47"><span class='ocrx_word' id='word_1_157' title='bbox 160 2627 386 2836; x_wconf 53' lang='lat' dir='ltr'><strong>Rapta</strong></span> <span class='ocrx_word' id='word_1_158' title='bbox 415 2714 660 2791; x_wconf 90' lang='lat' dir='ltr'><strong>imam</strong></span> <span class='ocrx_word' id='word_1_159' title='bbox 712 2732 982 2817; x_wconf 86' lang='lat' dir='ltr'><strong>togam</strong></span> <span class='ocrx_word' id='word_1_160' title='bbox 1039 2710 1336 2801; x_wconf 85' lang='lat' dir='ltr'><strong>fuerit,</strong></span> <span class='ocrx_word' id='word_1_161' title='bbox 1396 2735 1799 2816; x_wconf 91' lang='lat' dir='ltr'><strong>nunquam</strong></span> <span class='ocrx_word' id='word_1_162' title='bbox 1853 2732 2059 2789; x_wconf 86' lang='lat' dir='ltr'><strong>certe</strong></span> <span class='ocrx_word' id='word_1_163' title='bbox 2120 2709 2211 2789; x_wconf 83' lang='lat' dir='ltr'><strong>fit</strong></span> <span class='ocrx_word' id='word_1_164' title='bbox 2257 2708 2451 2788; x_wconf 89' lang='lat' dir='ltr'><strong>infe-</strong></span> 
     </span>
     <span class='ocr_line' id='line_1_22' title="bbox 157 2818 2458 2931; baseline -0.001 -28"><span class='ocrx_word' id='word_1_165' title='bbox 157 2826 347 2904; x_wconf 88' lang='lat' dir='ltr'><strong>rior.</strong></span> <span class='ocrx_word' id='word_1_166' title='bbox 436 2822 572 2903; x_wconf 86' lang='lat' dir='ltr'><strong>Ille</strong></span> <span class='ocrx_word' id='word_1_167' title='bbox 609 2825 744 2931; x_wconf 90' lang='lat' dir='ltr'><strong>qui</strong></span> <span class='ocrx_word' id='word_1_168' title='bbox 779 2821 913 2903; x_wconf 89' lang='lat' dir='ltr'><strong>sub</strong></span> <span class='ocrx_word' id='word_1_169' title='bbox 958 2822 1295 2902; x_wconf 88' lang='lat' dir='ltr'><strong>humero</strong></span> <span class='ocrx_word' id='word_1_170' title='bbox 1347 2819 1630 2900; x_wconf 88' lang='lat' dir='ltr'><strong>dextro</strong></span> <span class='ocrx_word' id='word_1_171' title='bbox 1669 2818 1763 2899; x_wconf 92' lang='lat' dir='ltr'><strong>ad</strong></span> <span class='ocrx_word' id='word_1_172' title='bbox 1813 2820 1867 2900; x_wconf 92' lang='lat' dir='ltr'>s</span> <span class='ocrx_word' id='word_1_173' title='bbox 1874 2821 2195 2901; x_wconf 80' lang='lat' dir='ltr'><strong>nistrum</strong></span> <span class='ocrx_word' id='word_1_174' title='bbox 2257 2822 2458 2901; x_wconf 91' lang='lat' dir='ltr'><strong>obli-</strong></span> 
     </span>
     <span class='ocr_line' id='line_1_23' title="bbox 156 2931 2452 3043; baseline -0.003 -28"><span class='ocrx_word' id='word_1_175' title='bbox 156 2961 315 3043; x_wconf 87' lang='lat' dir='ltr'><strong>que</strong></span> <span class='ocrx_word' id='word_1_176' title='bbox 366 2933 673 3015; x_wconf 90' lang='lat' dir='ltr'><strong>ducitur</strong></span> <span class='ocrx_word' id='word_1_177' title='bbox 724 2934 939 3016; x_wconf 89' lang='lat' dir='ltr'><strong>velut</strong></span> <span class='ocrx_word' id='word_1_178' title='bbox 983 2934 1322 3024; x_wconf 86' lang='lat' dir='ltr'><strong>balteus,</strong></span> <span class='ocrx_word' id='word_1_179' title='bbox 1352 2961 1495 3013; x_wconf 92' lang='lat' dir='ltr'><strong>nec</strong></span> <span class='ocrx_word' id='word_1_180' title='bbox 1548 2932 2017 3037; x_wconf 85' lang='lat' dir='ltr'><strong>strangulet,</strong></span> <span class='ocrx_word' id='word_1_181' title='bbox 2057 2960 2201 3012; x_wconf 92' lang='lat' dir='ltr'><strong>nec</strong></span> <span class='ocrx_word' id='word_1_182' title='bbox 2244 2931 2452 3011; x_wconf 89' lang='lat' dir='ltr'><strong>fluat.</strong></span> 
     </span>
     <span class='ocr_line' id='line_1_24' title="bbox 149 3041 2445 3154; baseline -0.003 -26"><span class='ocrx_word' id='word_1_183' title='bbox 149 3049 337 3128; x_wconf 86' lang='lat' dir='ltr'><strong>Pars</strong></span> <span class='ocrx_word' id='word_1_184' title='bbox 386 3067 589 3153; x_wconf 79' lang='lat' dir='ltr'><strong>togae</strong></span> <span class='ocrx_word' id='word_1_185' title='bbox 639 3072 812 3154; x_wconf 86' lang='lat' dir='ltr'><strong>quae</strong></span> <span class='ocrx_word' id='word_1_186' title='bbox 854 3045 1118 3150; x_wconf 88' lang='lat' dir='ltr'><strong>postea</strong></span> <span class='ocrx_word' id='word_1_187' title='bbox 1159 3048 1595 3151; x_wconf 88' lang='lat' dir='ltr'><strong>imponitur</strong></span> <span class='ocrx_word' id='word_1_188' title='bbox 1623 3095 1648 3131; x_wconf 84' lang='lat'>,</span> <span class='ocrx_word' id='word_1_189' title='bbox 1703 3041 1753 3120; x_wconf 93' lang='grc' dir='ltr'><strong><em>Γ</em></strong></span> <span class='ocrx_word' id='word_1_190' title='bbox 1764 3044 2193 3122; x_wconf 83' lang='lat' dir='ltr'><strong>tinferior</strong></span> <span class='ocrx_word' id='word_1_191' title='bbox 2258 3069 2445 3120; x_wconf 89' lang='lat' dir='ltr'><strong>nam</strong></span> 
     </span>
     <span class='ocr_line' id='line_1_25' title="bbox 149 3151 2447 3247; baseline -0.004 -5"><span class='ocrx_word' id='word_1_192' title='bbox 149 3163 261 3242; x_wconf 84' lang='lat' dir='ltr'><strong>ita</strong></span> <span class='ocrx_word' id='word_1_193' title='bbox 304 3164 384 3239; x_wconf 75' lang='grc' dir='ltr'><strong>ὅ(</strong></span> <span class='ocrx_word' id='word_1_194' title='bbox 420 3159 632 3239; x_wconf 90' lang='lat' dir='ltr'><strong>sedet</strong></span> <span class='ocrx_word' id='word_1_195' title='bbox 670 3159 990 3247; x_wconf 85' lang='lat' dir='ltr'><strong>melius,</strong></span> <span class='ocrx_word' id='word_1_196' title='bbox 1011 3162 1089 3238; x_wconf 76' lang='grc' dir='ltr'><strong>ὅ(</strong></span> <span class='ocrx_word' id='word_1_197' title='bbox 1121 3160 1585 3236; x_wconf 89' lang='lat' dir='ltr'><strong>continetur.</strong></span> <span class='ocrx_word' id='word_1_198' title='bbox 1665 3151 2170 3233; x_wconf 71' lang='lat' dir='ltr'><strong>subducenda</strong></span> <span class='ocrx_word' id='word_1_199' title='bbox 2206 3154 2447 3232; x_wconf 87' lang='lat' dir='ltr'><strong>etiam</strong></span> 
     </span>
     <span class='ocr_line' id='line_1_26' title="bbox 129 3262 2445 3379; baseline -0.002 -29.969"><span class='ocrx_word' id='word_1_200' title='bbox 129 3298 330 3379; x_wconf 86' lang='lat' dir='ltr'><strong>pars</strong></span> <span class='ocrx_word' id='word_1_201' title='bbox 370 3272 625 3378; x_wconf 87' lang='lat' dir='ltr'><strong>aliqua</strong></span> <span class='ocrx_word' id='word_1_202' title='bbox 677 3269 1018 3353; x_wconf 65' lang='lat' dir='ltr'><strong>tunicae,</strong></span> <span class='ocrx_word' id='word_1_203' title='bbox 1071 3283 1171 3348; x_wconf 88' lang='lat' dir='ltr'><strong>ne</strong></span> <span class='ocrx_word' id='word_1_204' title='bbox 1206 3267 1304 3346; x_wconf 88' lang='lat' dir='ltr'><strong>ad</strong></span> <span class='ocrx_word' id='word_1_205' title='bbox 1355 3266 1736 3345; x_wconf 89' lang='lat' dir='ltr'><strong>lacertum</strong></span> <span class='ocrx_word' id='word_1_206' title='bbox 1791 3267 1872 3343; x_wconf 91' lang='lat' dir='ltr'><strong>in</strong></span> <span class='ocrx_word' id='word_1_207' title='bbox 1918 3266 2087 3343; x_wconf 63' lang='lat' dir='ltr'><strong>astu</strong></span> <span class='ocrx_word' id='word_1_208' title='bbox 2143 3262 2445 3344; x_wconf 88' lang='lat' dir='ltr'><strong>redeat:</strong></span> 
     </span>
     <span class='ocr_line' id='line_1_27' title="bbox 145 3368 2442 3484; baseline -0.003 -23"><span class='ocrx_word' id='word_1_209' title='bbox 145 3406 327 3461; x_wconf 88' lang='lat' dir='ltr'><strong>tum</strong></span> <span class='ocrx_word' id='word_1_210' title='bbox 363 3381 559 3463; x_wconf 86' lang='lat' dir='ltr'><strong>finus</strong></span> <span class='ocrx_word' id='word_1_211' title='bbox 592 3368 1042 3484; x_wconf 86' lang='lat' dir='ltr'><strong>injiciendus</strong></span> <span class='ocrx_word' id='word_1_212' title='bbox 1085 3372 1466 3463; x_wconf 89' lang='lat' dir='ltr'><strong>humero,</strong></span> <span class='ocrx_word' id='word_1_213' title='bbox 1503 3380 1712 3477; x_wconf 76' lang='lat' dir='ltr'><strong>cujus</strong></span> <span class='ocrx_word' id='word_1_214' title='bbox 1747 3400 2181 3456; x_wconf 82' lang='lat' dir='ltr'><strong>extremam</strong></span> <span class='ocrx_word' id='word_1_215' title='bbox 2214 3404 2442 3455; x_wconf 90' lang='lat' dir='ltr'><strong>oram</strong></span> 
     </span>
     <span class='ocr_line' id='line_1_28' title="bbox 122 3490 2442 3599; baseline -0.003 -25"><span class='ocrx_word' id='word_1_216' title='bbox 122 3495 488 3598; x_wconf 31' lang='lat' dir='ltr'><strong>‚rejeciss&#39;e</strong></span> <span class='ocrx_word' id='word_1_217' title='bbox 524 3522 689 3575; x_wconf 91' lang='lat' dir='ltr'><strong>non</strong></span> <span class='ocrx_word' id='word_1_218' title='bbox 727 3493 1071 3574; x_wconf 84' lang='lat' dir='ltr'><strong>dedecet.</strong></span> <span class='ocrx_word' id='word_1_219' title='bbox 1144 3494 1459 3599; x_wconf 90' lang='lat' dir='ltr'><strong>Operiri</strong></span> <span class='ocrx_word' id='word_1_220' title='bbox 1496 3512 1759 3569; x_wconf 88' lang='lat' dir='ltr'><strong>autem</strong></span> <span class='ocrx_word' id='word_1_221' title='bbox 1812 3490 2236 3568; x_wconf 89' lang='lat' dir='ltr'><strong>humerum</strong></span> <span class='ocrx_word' id='word_1_222' title='bbox 2256 3508 2442 3568; x_wconf 89' lang='lat' dir='ltr'><strong>cum</strong></span> 
     </span>
     <span class='ocr_line' id='line_1_29' title="bbox 143 3601 2439 3713; baseline -0.003 -29"><span class='ocrx_word' id='word_1_223' title='bbox 143 3624 335 3684; x_wconf 83' lang='lat' dir='ltr'><strong>toto</strong></span> <span class='ocrx_word' id='word_1_224' title='bbox 373 3607 633 3713; x_wconf 84' lang='lat' dir='ltr'><strong>jugulo</strong></span> <span class='ocrx_word' id='word_1_225' title='bbox 673 3634 836 3686; x_wconf 90' lang='lat' dir='ltr'><strong>non</strong></span> <span class='ocrx_word' id='word_1_226' title='bbox 882 3625 1252 3712; x_wconf 85' lang='lat' dir='ltr'><strong>oportet,</strong></span> <span class='ocrx_word' id='word_1_227' title='bbox 1308 3601 1597 3710; x_wconf 89' lang='lat' dir='ltr'><strong>alioqui</strong></span> <span class='ocrx_word' id='word_1_228' title='bbox 1651 3602 1972 3681; x_wconf 57' lang='lat' dir='ltr'><strong>amicius</strong></span> <span class='ocrx_word' id='word_1_229' title='bbox 2026 3601 2177 3681; x_wconf 90' lang='lat' dir='ltr'><strong>fiet</strong></span> <span class='ocrx_word' id='word_1_230' title='bbox 2200 3627 2439 3707; x_wconf 86' lang='lat' dir='ltr'><strong>angu-</strong></span> 
     </span>
     <span class='ocr_line' id='line_1_30' title="bbox 134 3711 2443 3829; baseline -0.003 -32"><span class='ocrx_word' id='word_1_231' title='bbox 134 3715 387 3797; x_wconf 83' lang='lat' dir='ltr'><strong>stior:</strong></span> <span class='ocrx_word' id='word_1_232' title='bbox 413 3724 490 3798; x_wconf 73' lang='grc' dir='ltr'><strong>ὅ(</strong></span> <span class='ocrx_word' id='word_1_233' title='bbox 523 3719 1021 3829; x_wconf 88' lang='lat' dir='ltr'><strong>dignitatem,</strong></span> <span class='ocrx_word' id='word_1_234' title='bbox 1080 3745 1249 3827; x_wconf 87' lang='lat' dir='ltr'><strong>quae</strong></span> <span class='ocrx_word' id='word_1_235' title='bbox 1298 3716 1410 3795; x_wconf 87' lang='lat' dir='ltr'><strong>est</strong></span> <span class='ocrx_word' id='word_1_236' title='bbox 1466 3713 1550 3794; x_wconf 90' lang='lat' dir='ltr'><strong>in</strong></span> <span class='ocrx_word' id='word_1_237' title='bbox 1603 3711 2012 3793; x_wconf 88' lang='lat' dir='ltr'><strong>latitudine</strong></span> <span class='ocrx_word' id='word_1_238' title='bbox 2069 3713 2443 3821; x_wconf 59' lang='lat' dir='ltr'><strong>pectoris,</strong></span> 
     </span>
     <span class='ocr_line' id='line_1_31' title="bbox 123 3823 2438 3937; baseline -0.003 -28"><span class='ocrx_word' id='word_1_239' title='bbox 123 3825 488 3937; x_wconf 82' lang='lat' dir='ltr'><strong>perdet.</strong></span> <span class='ocrx_word' id='word_1_240' title='bbox 523 3830 916 3912; x_wconf 89' lang='lat' dir='ltr'><strong>Sinistrum</strong></span> <span class='ocrx_word' id='word_1_241' title='bbox 962 3831 1365 3909; x_wconf 89' lang='lat' dir='ltr'><strong>brachium</strong></span> <span class='ocrx_word' id='word_1_242' title='bbox 1406 3824 1743 3932; x_wconf 86' lang='lat' dir='ltr'><strong>eousque</strong></span> <span class='ocrx_word' id='word_1_243' title='bbox 1771 3826 2265 3909; x_wconf 85' lang='lat' dir='ltr'><strong>allevandum</strong></span> <span class='ocrx_word' id='word_1_244' title='bbox 2302 3823 2438 3913; x_wconf 86' lang='lat' dir='ltr'><strong>est,</strong></span> 
     </span>
     <span class='ocr_line' id='line_1_32' title="bbox 124 3938 2447 4051; baseline -0.006 -27"><span class='ocrx_word' id='word_1_245' title='bbox 124 3962 231 4024; x_wconf 89' lang='lat' dir='ltr'><strong>ut</strong></span> <span class='ocrx_word' id='word_1_246' title='bbox 287 3940 499 4051; x_wconf 74' lang='lat' dir='ltr'><strong>quasi</strong></span> <span class='ocrx_word' id='word_1_247' title='bbox 578 3940 1015 4027; x_wconf 85' lang='lat' dir='ltr'><strong>normalem</strong></span> <span class='ocrx_word' id='word_1_248' title='bbox 1101 3942 1326 4021; x_wconf 90' lang='lat' dir='ltr'><strong>illum</strong></span> <span class='ocrx_word' id='word_1_249' title='bbox 1384 3938 1753 4047; x_wconf 84' lang='lat' dir='ltr'><strong>angulum</strong></span> <span class='ocrx_word' id='word_1_250' title='bbox 1816 3939 2061 4020; x_wconf 86' lang='lat' dir='ltr'><strong>faciat</strong></span> <span class='ocrx_word' id='word_1_251' title='bbox 2198 3945 2447 4039; x_wconf 86' lang='lat' dir='ltr'><strong>Super</strong></span> 
     </span>
    </p>
   </div>
   <div class='ocr_carea' id='block_1_3' title="bbox 114 4049 2441 4237">
    <p class='ocr_par' dir='ltr' id='par_1_3' title="bbox 114 4049 2441 4237">
     <span class='ocr_line' id='line_1_33' title="bbox 114 4049 2441 4165; baseline -0.009 -22.937"><span class='ocrx_word' id='word_1_252' title='bbox 114 4054 366 4165; x_wconf 86' lang='lat' dir='ltr'><strong>quod</strong></span> <span class='ocrx_word' id='word_1_253' title='bbox 406 4084 548 4140; x_wconf 88' lang='lat' dir='ltr'><strong>ora</strong></span> <span class='ocrx_word' id='word_1_254' title='bbox 590 4084 692 4138; x_wconf 83' lang='lat' dir='ltr'><strong>cx</strong></span> <span class='ocrx_word' id='word_1_255' title='bbox 746 4077 928 4163; x_wconf 81' lang='lat' dir='ltr'><strong>toga</strong></span> <span class='ocrx_word' id='word_1_256' title='bbox 987 4052 1282 4163; x_wconf 84' lang='lat' dir='ltr'><strong>duplex</strong></span> <span class='ocrx_word' id='word_1_257' title='bbox 1352 4051 1741 4159; x_wconf 83' lang='lat' dir='ltr'><strong>aequaliter</strong></span> <span class='ocrx_word' id='word_1_258' title='bbox 1788 4049 2069 4130; x_wconf 86' lang='lat' dir='ltr'><strong>sedeat.</strong></span> <span class='ocrx_word' id='word_1_259' title='bbox 2158 4053 2441 4127; x_wconf 83' lang='lat' dir='ltr'><strong>Manus</strong></span> 
     </span>
     <span class='ocr_line' id='line_1_34' title="bbox 2268 4183 2438 4237; baseline 0.012 -2"><span class='ocrx_word' id='word_1_260' title='bbox 2268 4183 2438 4237; x_wconf 83' lang='lat' dir='ltr'><strong>non</strong></span> 
     </span>
    </p>
   </div>
  </div>
 </body>
</html>
