3557 5113
189 227 196 236 “
316 165 560 328 De
591 103 1037 369 Instit.
1055 151 1762 408 Oratoria,
1768 150 2066 312 Lib.
2071 144 2500 326 VIII.
2600 165 2825 304 483

235 400 429 558 aliud
467 478 805 572 volunt3
871 498 957 558 ut
997 482 1255 558 omnis
1289 456 1570 568 loeus,
1636 478 1890 552 omnis
1932 423 2238 556 sensus.
2220 480 2302 556 in
2342 476 2502 558 fine
2585 479 2775 558 car.
2807 477 2919 560 Υ.

233 592 593 672 sermonis
641 591 861 670 feriat
906 610 1192 695 aurem
1284 594 1544 694 Turpe
1584 590 1796 668 enim
1848 616 1940 668 ac
1998 616 2246 694 prope
2286 594 2506 676 nefas

228 700 513 784 ducunt
563 758 588 796 ,
641 702 1007 808 respirare
1057 705 1237 782 ullo·
1263 703 1440 780 loco
1476 704 1618 808 qui·
1652 698 2286 784 acclamationem
2320 732 2498 788 -non

231 818 547 920 petierit.
617 814 817 894 Inde·
843 818 1123 894 minuti
1161 818 1662 920 corruptique
1702 810 2038 892 senficuli
2078 869 2100 904 ,
2140 818 2220 894 &
2264 826 2500 898 extra

231 954 383 1006 rem
427 930 676 1032 petiti.
788 932 1065 1034 Neque
1097 930 1308 1004 enim
1344 926 1650 1030 poffunt
1692 946 1852 1002 tam
1880 924 2154 1004 multa:
2198 926 2497 1010 senten-

233 1046 337 1118 tiae
369 1038 521 1118 esst
545 1094 569 1128 ,
621 1064 855 1148 quam
885 1038 1173 1118 necess'e
1207 1038 1322 1116 est
1372 1038 1640 1116 multa:
1673 1034 1818 1112 fint
1860 1036 2224 1118 clausulae.
2320 1042 2500 1150 Jam

231 1150 371 1230 haec
405 1154 651 1256 magis
693 1178 895 1230 nova
919 1148 1488 1228 sententiarum·
1506 1174 1806 1254 genera.
1900 1152 2012 1228 Ex
2052 1154 2496 1282 inopinato:

231 1284 305 1342 ut
340 1262 539 1342 dixit
579 1262 847 1342 Vibius
897 1260 1207 1366 Crispus
1247 1266 1330 1346 in
1370 1288 1596 1352 eum,
1654 1262 1790 1368 qui
1818 1286 1998 1336 cum
2034 1262 2438 1344 loricatus
2420 1294 2502 1346 in

233 1374 387 1454 foro
423 1374 893 1464 ambularet,
927 1372 1448 1478 praetendebat
1488 1372 1566 1450 id
1608 1372 1682 1450 se
1722 1392 1942 1450 metu
1978 1372 2258 1466 facere3
2302 1385 2502 1482 Qis

227 1484 477 1598 tibisic
513 1494 767 1564 timere
787 1489 1199 1604 permfs
1049 1510 1147 1564 t
1139 1497 1171 1545 Ρ
1233 1491 1327 1562 Et
1370 1482 1762 1590 insigniter
1784 1484 2264 1588 Aphricanus
2304 1486 2510 1592 apud

233 1602 623 1676 Neronem
657 1596 759 1675 de
797 1620 1051 1676 morte
1085 1572 1396 1686 matrim
1420 1610 1692 1706 Rogant
1716 1618 1812 1684 te,
1852 1598 2088 1700 cister,
2112 1600 2338 1676 (ἰαθεὶς
2358 1624 2510 1688 tue,

241 1712 751 1816 utftlicitatem
791 1734 991 1790 tuam
1019 1712 1558 1814 fbrtiterftras.
1674 1712 1868 1786 Sunt
1908 1712 1990 1786 &
2044 1708 2200 1786 alio
2248 1710 2510 1802 relata,

244 1844 319 1900 ut
351 1822 543 1900 Afer
577 1824 975 1900 Domitius
1037 1848 1217 1900 cum
1259 1818 1760 1898 Cloantillam
1814 1816 2270 1898 defenderet
2304 1876 2326 1910 ,
2366 1824 2551 1911 cui,

229 1923 607 2032 objectum
651 1936 989 2022 crimen,
1077 1930 1295 2038 quod
1346 1934 1602 2011 virum
1636 1932 1772 2036 qui
1816 1934 2016 2010 inter
2054 1932 2512 2014 rebellantes

229 2042 525 2134 fiicrat,
557 2042 967 2150 sepelisset,
1011 2042 1406 2122 remiserat
1442 2040 1858 2130 Claudius‘,
1898 2046 1980 2120 in
2014 2044 2334 2176 epilogo
2364 2044 2508 2124 fili

229 2182 307 2234 os
343 2160 495 2258 ejus
533 2156 983 2262 alloquens3
1005 2166 1368 2236 matrem
1388 2176 1664 2240 tamen,
1702 2154 1998 2258 inquit,
2016 2164 2234 2262 pueri
2254 2158 2508 2266 ,βράκε’-

227 2290 373 2347 tote
451 2274 543 2357 Et
582 2266 891 2347 aliunde
933 2270 1213 2373 petita,
1247 2264 1324 2343 id
1358 2264 1490 2353 est,
1538 2266 1618 2341 in
1648 2262 1888 2341 aliurn
1918 2264 2182 2345 locum
2220 2294 2316 2345 ex
2358 2268 2510 2349 alio

235 2377 573 2459 transsata
627 2411 645 2457 :
709 2401 793 2459 ut
829 2407 975 2485 pro
1013 2377 1368 2485 Spathale
1416 2375 1774 2481 Crispu5‚
1828 2395 2066 2483 quam
2112 2377 2500 2459 haeredem

229 2513 513 2571 amator
557 2489 985 2571 instituerat
1013 2545 1037 2581 ,
1099 2497 1179 2571 &
1225 2485 1542 2569 deceffit
1572 2543 1596 2579 ,
1656 2513 1840 2565 cum
1892 2487 2208 2569 haberet
2256 2517 2498 2573 annos

229 2601 759 2707 undeviginti,
737 2633 755 2649 ·
819 2621 873 2681 ο
899 2599 1283 2681 hominem·
1322 2601 1664 2681 divinum
1704 2653 1728 2687 ,
1786 2605 1916 2709 qui
1942 2599 2086 2711 fibi
2134 2601 2464 2711 indulsit
2458 2613 2494 2683 !

235 2713 411 2793 Facit
461 2711 835 2821 quasdam
893 2715 1289 2793 sententias
1338 2711 1492 2791 sola
1542 2713 2036 2817 geminatio:
2096 2713 2336 2821 qualis
2386 2699 2496 2793 est

231 2827 567 2907 Senecae
547 2853 629 2903 m
661 2851 757 2901 eo
793 2821 1073 2929 scripto
1111 2821 1322 2933 quod
1358 2829 1576 2903 Nero
1606 2821 1702 2899 ad
1742 2829 2106 2903 Senatum
2130 2823 2332 2905 misit
2364 2853 2496 2905 oc-

226 2933 360 3013 cifa
387 2961 707 3025 matre,
749 2963 931 3015 cum
965 2935 1039 3013 se
1069 2933 1582 3041 'periclitatum
1616 2931 1860 3013 videri
1902 2935 2186 3025 vellet5
2171 2941 2492 3017 uscham

221 3075 329 3125 me
367 3047 479 3151 effi?
513 3047 751 3127 adhuc
767 3075 897 3125 nec
927 3047 1181 3137 credo,
1221 3075 1346 3127 nec
1366 3047 1658 3157 gaudeo.
1752 3045 2058 3129 Melior,
2098 3051 2280 3153 quia
2318 3069 2490 3127 tum

231 3185 313 3235 ex
359 3159 759 3239 contrariis
797 3157 1045 3263 valet3
1097 3157 1332 3239 Habeo
1362 3187 1566 3267 quem
1590 3159 1888 3263 flegiam
1920 3211 1942 3245 ,
2002 3185 2208 3267 quem
2224 3159 2494 3269 squar

224 3299 351 3347 mn
385 3269 625 3349 habeo,
739 3269 993 3373 Qid,
1041 3271 1237 3383 quod
1263 3271 1436 3374 mis
1432 3301 1474 3347 r
1518 3297 1674 3347 cum
1718 3273 1914 3377 loqui
1943 3299 2086 3347 non
2098 3269 2346 3379 poffi’t,
2387 3295 2492 3351 ta

229 3407 365 3459 cere
390 3413 533 3461 non
545 3405 889 3491 poterat
873 3381 897 3437 ³
952 3385 1053 3459 Ea
1089 3407 1281 3463 vero
1320 3379 1410 3459 fit
1440 3379 1998 3485 pulcherrima,
2026 3409 2206 3459 cum
2240 3381 2494 3489 aliqua

233 3497 793 3597 comparatione
829 3491 1189 3573 clarescit.
1253 3491 1702 3571 Trachallus
1724 3513 1992 3571 contra
2028 3493 2496 3597 Spathalem3

231 3603 447 3681 Placet
483 3605 617 3685 hoc
663 3633 855 3713 ergo,
933 3635 969 3683 ο
1009 3607 1195 3715 leges
1215 3661 1237 3695 ,
1245 3603 1806 3715 diligentffmae
1826 3603 2130 3713 pudoris
2176 3607 2492 3709 ctfstodes,

221 3712 521 3793 decimas
557 3713 903 3795 uxortbus
935 3717 1141 3801 dari,
1195 3739 1498 3827 quartas
1528 3713 2014 3795 meretricibus
2056 3721 2094 3793 ,Ρ
2156 3713 2304 3795 Sed
2346 3719 2482 3797 ho-

217 3849 385 3905 rum
425 3825 757 3935 quidem
793 3853 1171 3933 generum
1209 3833 1291 3909 δε
1330 3827 1552 3919 bonae
1588 3825 1742 3907 dici
1780 3825 2126 3933 possunt,
2148 3829 2494 3909 &malm

209 3933 363 4021 211ae
389 3937 709 4047 semper
741 3937 1091 4023 vitiosae·
1067 3975 1091 4031 3
1175 3939 1380 4021 abuti
1430 3937 1736 4033 verbo3
1802 3953 2054 4025 Patres
2108 3941 2498 4049 consc'ripti3

1338 4055 1390 4129 Ρ
1422 4077 1474 4159 p
1518 4077 1572 4156 p
1634 4075 1674 4127 2
2404 4057 2512 4125 §ic
