3557 5113
330 224 569 387 De
602 217 1047 430 Instit.
1078 221 1808 405 oratoria,
1850 221 2141 380 Lib.
2180 227 2360 386 V.
2619 183 2830 382 317'

219 581 337 632 cem
369 558 617 660 atttgit
639 585 662 628 .-
761 555 841 632 &
878 550 1230 656 protinus
1257 574 1446 652 ,curn
1481 549 1817 660 quadam
1859 553 2344 638 defensioue:
2400 580 2487 640 ut
2524 580 2909 666 Cuxm.

219 662 268 743 fi
294 693 416 770 pro
466 662 864 743 luxurioso
913 660 1334 742 dicendum
1386 660 1479 741 fit
1514 695 1533 758 ;
1606 663 1869 773 objec7a
1919 671 2014 774 ss
2038 675 2263 781 paulo
2306 671 2479 752 libe-

218 779 403 855 ralior
441 785 620 855 vita.
701 780 822 855 Sic
861 781 939 854 &
991 803 1137 882 pro
1189 774 1499 855 sordido
1543 803 1863 881 parcum
1887 837 1908 863 ,
1973 810 2119 887 pro
2162 783 2482 865 maledi-

212 915 291 967 co
321 888 642 967 liberum
680 886 934 966 dicere
976 887 1257 966 licebit.
1355 892 1644 995 Utique
1674 917 2075 1000 nunquam
2122 901 2481 977 commit-

211 1000 498 1079 tendum
553 999 711 1092 est,
779 1020 865 1079 ut
902 997 1508 1083 adversariorum
1554 999 1753 1080 dista
1799 1032 1981 1083 cum
2036 1006 2159 1086 sua
2196 1005 2481 1086 confla

213 1118 519 1193 :natione
569 1112 1026 1202 referamus,
1102 1133 1230 1191 aut
1273 1116 1508 1191 etiam
1551 1112 1704 1191 loci
1764 1115 2076 1214 alicujus
2137 1125 2477 1199 executi-

213 1251 334 1303 one
387 1225 873 1321 adjuvemus,
931 1222 1072 1303 nisi
1124 1252 1305 1303 cum
1343 1221 1745 1303 eludenda.
1849 1230 2058 1337 Apud
2087 1238 2475 1311 exercitum

205 1337 363 1416 mihi
379 1341 610 1445 ficem
629 1394 652 1420 ‚
720 1340 1011 1444 inquit:
1093 1359 1197 1415 tot
1226 1338 1431 1416 annis
1462 1338 1728 1446 fbrum·
1774 1368 1913 1415 non
1956 1349 2277 1449 attigeras⁴
2299 1378 2320 1417 .·
2346 1343 2471 1420 ab-

187 1451 384 1553 fuertssc
445 1450 728 1531 tamdiu
750 1486 773 1526 .·
869 1446 962 1541 ἀ
1027 1478 1183 1529 cum
1256 1474 1408 1527 tam
1473 1452 1673 1556 longo
1722 1455 2095 1530 intervallo
2144 1463 2413 1532 *venem
2446 1512 2467 1538 ,

204 1592 334 1641 cum
368 1571 452 1642 ia
501 1570 632 1673 qui
672 1570 754 1641 in
775 1563 948 1666 fbro
985 1558 1411 1640 habitarunt
1432 1617 1452 1643 ,
1517 1561 1605 1637 de
1645 1561 2003 1670 dtgnitate
2040 1565 2411 1643 contendas·
2431 1573 2468 1644 ?

201 1676 531 1754 Praeterea
580 1680 663 1753 in
709 1670 1446 1752 contradistionibus
1479 1673 1793 1750 interim
1852 1697 2107 1753 totum
2165 1681 2465 1758 crimen

204 1791 577 1889 exponitur
617 1819 635 1865 ε
736 1805 839 1864 ut·
875 1789 1153 1865 Cicero
1208 1811 1355 1890 pro
1407 1791 1689 1879 Scauro
1748 1809 2022 1866 contra
2066 1787 2465 1867 Bostarem

195 1895 389 1987 flacit,
457 1899 662 1980 velut
728 1900 1162 1976 orationem
1206 1893 1516 1975 diversae
1566 1899 1800 2001 partis
1858 1902 2219 1978 imitatus.
2300 1905 2489 1995 Aut,

193 2009 504 2113 pluribus
582 2007 1231 2116 propositionibus
1317 2008 1631 2105 junstis:
1731 2031 1815 2087 ut
1885 2039 2028 2115 pro
2108 2017 2459 2106 Vare1103

191 2135 345 2199 Cum
377 2133 509 2203 iter
532 2150 666 2234 per
705 2152 912 2229 agros
942 2118 1030 2212 ό·
1070 2125 1219 2200 loca
1237 2120 1403 2226 sola
1436 2122 1700 2222 faceret
1757 2150 1916 2201 cum
1962 2127 2305 2232 Populeno
2333 2180 2351 2211 ,
2378 2133 2461 2203 in

171 2235 517 2337 familiam
569 2233 1097 2313 Ancharianam
1127 2216 1443 2337 ‘incidf'ffl’
1477 2231 1856 2313 dixerunt:
1948 2235 2202 2314 deinde
2236 2251 2454 2344 Popu—

189 2348 398 2426 lenum
442 2349 731 2452 occisicm
774 2343 890 2452 effe
927 2380 949 2421 .·
1010 2348 1192 2423 illico
1245 2358 1588 2425 Varenum
1620 2352 1944 2424 vinlium
1981 2347 2455 2451 adstrvatum,

189 2454 333 2536 dum
380 2459 493 2539 hic
543 2459 911 2566 qstenderet
959 2458 1149 2569 quid
1188 2457 1275 2535 de
1327 2488 1399 2535 eo
1458 2460 1629 2564 fieri
1671 2459 1894 2536 vestet.
2041 2457 2283 2556 Qod
2345 2459 2456 2539 est

191 2577 418 2679 utique
485 2571 968 2653 faciendum,
1050 2568 1106 2648 si
1169 2573 1314 2648 erit
1377 2566 1840 2648 incredibilis
1904 2572 2011 2649 rei
2074 2573 2314 2655 ordo,
2373 2578 2453 2652 ὅ(

198 2684 320 2788 ipsa
362 2684 838 2790 expositione
886 2680 1127 2760 fidem
1170 2679 1623 2786 perditurus,
1734 2686 2053 2760 Interim
2094 2711 2233 2788 per
2275 2711 2450 2787 par-

194 2813 286 2873 tes
320 2796 779 2886 dissolvitur,
845 2792 1059 2901 quo‘d
1108 2815 1477 2872 contextu
1529 2816 1797 2872 nocet:
1860 2800 1936 2874 &
1986 2795 2450 2901 plerumque

187 2904 376 2987 idest
431 2912 686 2989 tutius.
809 2903 1182 3009 Qaedam
1240 2906 1888 2988 contradissiones
1945 2930 2213 2986 natura
2277 2905 2453 2987 sunt

188 3015 482 3124 fingulae.
547 3019 629 3099 id
677 3018 1052 3123 exemplis
1089 3046 1247 3096 non
1282 3041 1474 3126 eget.
1572 3023 2045 3097 Communia
2097 3020 2291 3099 bene
2326 3049 2452 3126 ap-

191 3133 774 3232 prehenduntur3
865 3157 1027 3209 non
1066 3153 1366 3209 tantum
1406 3133 1585 3236 quia
1632 3130 2022 3237 utriusque
2068 3130 2232 3208 sunt
2280 3159 2452 3235 par·-

195 3243 312 3328 tis‚
369 3243 478 3323 sed
509 3247 690 3355 quia
731 3241 897 3345 plus
943 3241 1261 3347 prosunt
1296 3238 1809 3346 respondenti.
1924 3249 2198 3347 Neque
2234 3245 2448 3320 enim

182 3355 474 3457 pigebit,
541 3353 758 3465 quod
802 3352 988 3460 saepe
1034 3355 1351 3441 monui,
1399 3354 1706 3432 referre.
1802 3360 2257 3434 Commune
2306 3359 2444 3463 qui

183 3470 366 3567 prior
396 3468 630 3559 dicit,
688 3469 1167 3547 contrarium
1217 3465 1417 3545 facit.
1537 3465 1658 3544 Est
1686 3468 1900 3545 enim
1940 3469 2443 3557 contrarium,

181 3600 320 3681 quo
347 3580 799 3660 adversarius
853 3579 1046 3658 bene
1101 3582 1212 3656 uti
1265 3576 1536 3684 potest.
1632 3593 1726 3658 At
1778 3589 1968 3658 enim
2018 3611 2159 3658 non
2205 3582 2439 3689 werss-

181 3693 329 3767 mile
357 3695 439 3796 ss
484 3720 779 3774 tantum
807 3691 1038 3795 sc'elus
1085 3706 1181 3767 M.
1221 3695 1495 3772 Cottam
1532 3688 1648 3795 <W
1684 3717 2165 3772 commentum.
2189 3696 2444 3798 Qid?

179 3798 288 3880 boc
323 3808 692 3915 nrssmile
745 3805 867 3906 cst,
922 3828 1204 3884 tantum
1237 3806 1471 3910 ſselus
1527 3811 1821 3913 Oppium
1870 3802 1986 3910 <ffb
2055 3807 2380 3886 conatum
2400 3814 2438 3884 ?

155 3916 466 3998 Artificis
503 3938 773 3998 autem
809 3915 916 3998 est
953 3919 1298 3998 invenire
1333 3919 1418 3997 in
1457 3915 1755 3996 afflone
1799 3915 2203 3998 adversarii
2229 3944 2443 4030 ,quae3

150 4024 331 4115 inter
383 4030 643 4116 semet
697 4018 854 4134 ipsa
911 4052 1259 4140 pugnent
1293 4033 1322 4119 ',
1409 4050 1540 4109 aut
1604 4056 1947 4138 pugnare
2012 4026 2440 4115 videantur.

1365 4145 1482 4220 -R
1505 4167 1545 4218 r
1588 4167 1622 4240 3
2031 4165 2040 4173 ·
2275 4167 2444 4248 quae
