3557 5113
708 222 955 376 760

655 521 979 610 Camxh
1123 534 1130 569 ³
1176 530 1187 538 '

1255 211 3165 357 M412An‘11‘Qu1Nc-r1mm1

1288 522 1482 601 HIS
1529 514 1836 599 dicendi
1881 512 2286 601 ‘virtutibus
2328 513 2501 598 usus
2561 535 2827 596 orator
2874 514 2960 593 in
3017 510 3342 615 judiciis,

1071 631 1402 713 consiliis
1444 688 1466 722 ‚
1521 630 2018 711 concionibus
2032 684 2056 721 ‚
2109 628 2417 714 senatu,
2483 633 2566 708 in
2598 631 2819 708 omni
2852 626 3213 733 denique
3241 623 3342 703 of·

1071 743 1257 824 ficio
1294 745 1477 824 boni
1512 746 1698 825 civis
1721 799 1743 832 ,
1777 741 2018 821 finem
2053 766 2364 848 quoque
2399 739 2723 846 dignum
2760 743 2839 819 δι
2883 742 3219 844 optimo
3245 740 3341 816 vi-

1065 884 1162 936 ro
1199 911 1253 946 ,⁴
1327 861 1408 935 &
1476 880 1712 961 opere
1773 850 2233 932 sanstissimo
2290 843 2518 933 faciet
2578 882 2598 931 ε
2678 877 2839 929 non
2918 856 3119 957 quia
3177 876 3344 954 pro-

1069 965 1650 1073 desse-unquam
1701 964 1869 1043 stitis
1907 962 2040 1053 fit,
2101 964 2331 1046 &illa
2384 985 2647 1042 mente
2678 983 2905 1069 atque
2946 960 3091 1039 illa
3121 959 3332 1039 ficul-

1072 1098 1230 1157 tate
1274 1076 1599 1183 pr'aedito
1638 1104 1803 1155 non
1834 1080 2243 1158 conveniat
2284 1080 2543 1181 operis
2564 1071 3084 1180 pulcherrimi
3117 1099 3336 1179 quam

1071 1187 1605 1292 longissimum
1668 1211 2033 1292 tempus;
2120 1186 2244 1266 sed
2305 1189 2479 1294 quia
2551 1183 2773 1264 decet
2822 1184 2978 1263 hoc
3032 1208 3334 1291 quoque

1072 1297 1507 1407 prospicere
1538 1356 1560 1390 ‚
1610 1326 1715 1379 -ne
1755 1297 1946 1405 quid
1986 1301 2195 1403 pejus
2236 1324 2471 1406 quam
2511 1297 2817 1387 fecerit,
2864 1296 3131 1375 faciat.
3200 1300 3337 1373 Ne-

1072 1438 1227 1519 que
1272 1415 1487 1491 enim
1532 1410 1839 1491 scientia
1889 1409 2134 1489 modo
2185 1409 2477 1489 constat
2518 1430 2782 1488 orator
2820 1462 2843 1497 ‚
2906 1434 3087 1514 quae
3122 1433 3339 1511 ange-

1078 1546 1206 1603 tur
1256 1525 1469 1601 annis
1511 1577 1534 1611 ,
1599 1520 1724 1601 sed
1760 1547 1997 1607 voce,
2054 1520 2333 1611 latere,
2382 1519 2748 1599 firmitate
2781 1554 2807 1597 .·
2869 1519 3164 1626 quibus
3204 1518 3336 1596 fm-

1078 1634 1219 1715 stis
1257 1654 1386 1714 aut
1426 1634 1853 1713 imminutis
1902 1653 2124 1710 aetate
2178 1631 2307 1712 seu
2358 1630 2802 1714 valetudine
2836 1686 2860 1720 ,
2912 1629 3338 1711 cavendum

1079 1746 1191 1824 est
1235 1771 1334 1824 ne
1371 1743 1556 1851 quid
1603 1748 1683 1822 in
1728 1763 2035 1823 oratore
2069 1742 2377 1825 summo
2416 1740 2933 1834 desideretur,
2983 1771 3086 1822 ne
3113 1746 3337 1821 inter·

1076 1852 1280 1934 sistat
1314 1856 1663 1959 fatigatus
1698 1909 1721 1943 ,
1775 1881 1885 1932 ne·
1914 1881 2085 1961 quae
2104 1852 2314 1934 dicet
2348 1881 2623 1960 parum
2644 1853 2887 1934 audiri
2931 1854 3334 1943 sentianne

1071 1965 1148 2045 se
1201 1988 1565 2073 queratur
1627 1968 1903 2071 perire.
2011 1964 2197 2048 Vidi
2240 1993 2391 2072 ego
2451 1966 2688 2071 longe
2740 1969 3093 2045 omnium
3135 1990 3329 2072 quos

1073 2078 1268 2157 mihi
1305 2076 1766 2181 cognoscere
1807 2080 2139 2183 contigit
2172 2131 2195 2168 ,
2252 2078 2639 2155 summum
2692 2100 3143 2163 oratorem,
3173 2083 3333 2157 Do-

940 2243 941 2246 *
1071 2189 1385 2267 mitium
1423 2188 1708 2268 Afrum
1743 2243 1768 2279 ‚
1823 2186 2048 2270 valde
2087 2188 2340 2268 senem
2368 2247 2386 2279 ‚
2426 2189 2773 2293 quotidie
2809 2188 3106 2297 aliquid
3130 2216 3225 2268 ex
3253 2215 3341 2267 ea

1076 2325 1318 2408 quam
1359 2305 1742 2401 meruerat
1784 2303 2230 2382 austeritate
2276 2304 2729 2408 perdentem
2773 2362 2795 2386 ,
2849 2328 3027 2383 cum
3073 2323 3338 2409 agente

1074 2410 1261 2495 illo,
1321 2437 1578 2519 quem·⁴
1603 2414 2031 2518 principem
2054 2413 2264 2495 fuisse
2325 2415 2914 2522 quondamfori
2958 2442 3128 2494 non
3181 2435 3346 2493 erat*

1075 2520 1400 2604 dubium
1439 2579 1460 2613 ‚
1516 2524 1642 2603 aiii
1711 2522 1967 2633 (quod
2014 2524 2416 2634 indignum
2489 2525 2891 2625 videatur)
2963 2527 3349 2618 riderent,

1068 2633 1200 2713 alii
1235 2633 1784 2717 erubescerent.
1870 2663 2043 2744 quae
2069 2638 2368 2719 occasio
2409 2638 2556 2718 fuit
2586 2637 2939 2730 dicendi,
2963 2643 3350 2720 macen·

1071 2744 1364 2851 defflere*
1383 2773 1601 2854 quam
1634 2746 1945 2850 desinere.
2063 2755 2362 2857 Neque·
2393 2751 2618 2830 erant
2642 2749 2770 2830 illa
2790 2751 3349 2860 qualiacunque

1070 2853 1275 2936 mala·
1305 2857 1339 2939 ‚²
1391 2852 1523 2936 sed
1575 2860 1901 2937 minora.
2012 2863 2269 2962 Qare
2300 2864 2725 2971 ‘antequam
2780 2865 2863 2942 in
2912 2863 3059 2944 has
3104 2868 3357 2947 'emta

1076 2968 1334 3048 veniat
1366 2965 1704 3059 infidias,
1750 2974 2090 3076 receptui
2129 2994 2352 3052 canet
2383 3031 2407 3060 ,
2466 2979 2544 3055 δι
2581 2977 2663 3053 in
2694 2996 3020 3081 portum
3052 2976 3364 3082 integri

1078 3086 1277 3160 nave
1315 3084 1753 3185 perveniet·
1840 3085 2117 3188 Neque
2157 3089 2372 3163 enim
2413 3089 2755 3165 minores
2783 3113 3011 3178 eum,
3045 3115 3236 3168 cum
3273 3084 3353 3170 id

1075 3193 1344 3271 fecerit
1381 3244 1407 3282 ‚
1479 3189 1911 3273 studiorum
1949 3194 2230 3275 fructus
2272 3198 2846 3306 prosequentur.
2911 3228 2916 3238 ·
2993 3205 3179 3279 Aut
3224 3201 3351 3279 isse

1074 3323 1584 3382 monumenta
1624 3307 1891 3383 rerum
1936 3305 2254 3412 posteris
2297 3364 2323 3399 ,
2378 3333 2559 3402 aut,
2593 3332 2677 3389 ut
2705 3311 2810 3389 L·
2835 3310 3356 3393 Cmffixsinli-

1077 3411 1232 3492 bris
1287 3415 1683 3495 Ciceronis
1704 3414 2143 3498 ‘destinabait
2172 3421 2208 3504 ‚²
2268 3423 2435 3520 jura
2486 3422 3019 3529 quaerentibus·
3053 3424 3352 3509 tradet,

1077 3543 1208 3602 aut
1243 3523 1710 3633 eloquentia:
1757 3550 2183 3635 componet
2214 3555 2492 3613 artem
2540 3587 2564 3623 ,
2628 3554 2764 3613 aut
2808 3532 3359 3640 pulcherrimis

1069 3634 1253 3758 vita:
1273 3640 1682 3744 apraeceptis
1708 3636 2041 3745 dignum
2068 3668 2168 3721 oa
2203 3640 2430 3749 debit.
2503 3647 3135 3753 frequentabam
3164 3676 3359 3732 vem

1069 3769 1231 3843 ejus
1260 3743 1591 3828 domum
1613 3752 1894 3855 optimi
1925 3755 2235 3852 juvenes
2268 3783 2493 3839 more
2522 3777 2919 3850 veterum,
2962 3765 3048 3841 8(
3081 3789 3357 3843 *emm

1071 3853 1376 3936 dicendi
1415 3863 1624 3941 viam
1653 3859 1869 3942 velut
1904 3889 2002 3943 ex
2040 3867 2360 3951 oraculo
2406 3891 2697 3979 petent.
2807 3874 2983 3954 Hos
3017 3872 3159 3955 ille
3196 3875 3338 3954 fir-

1065 3968 1306 4053 mabit
1342 3971 1551 4083 quafi
1586 3971 2035 4087 egoquengiae
2075 3989 2345 4089 paoens
2372 4038 2402 4080 2
2463 3987 2546 4068 &
2579 4006 2669 4071 ut
2718 4004 2945 4077 vetus
2977 3988 3332 4098 guban·-

3197 4115 3345 4181 «Β
