3557 5113
814 237 1022 379 1842
1338 219 1541 336 'M.
1637 207 2028 336 FAssxt'
2161 205 3135 362 Q1N0T1L1AN1

721 518 1452 607 Ca».V111.·cialium
1487 515 1859 625 quaestio,
1914 514 2010 596 de
2051 512 2303 594 'statua
2356 518 2595 596 Servii
2652 515 2986 623 Sulpitii,
3033 539 3119 594 an
3162 517 3235 590 iis
3267 509 3357 591 de·

1139 664 1337 716 mum
1366 629 1697 742 ponenda
1709 630 1811 740 sit
1832 687 1853 714 ‚
1917 636 2049 737 qus'
2087 637 2168 707 in
2217 630 2564 736 legatione
2584 631 2794 735 ftrro
2806 629 2982 735 stant
3016 628 3358 706 interemti?

1139 752 1347 850 Ergo
1402 770 1573 847 pars
1621 740 2152 828 deliberativa,
2205 764 2375 844 qua:
2419 737 2689 817 eadem
2737 739 3050 820 suasoria
3097 735 3363 821 dicitur,

1088 861 1098 880 “’
1135 857 1236 936 de
1296 879 1652 959 tempore
1706 852 1968 930 futuro
1998 849 2422 940 consultat,
2475 854 2748 956 quaerit
2809 854 3032 930 etiam
3077 846 3161 925 de
3216 872 3361 950 pra:-

1144 972 1429 1048 terito:
1470 964 1750 1045 officiis
1809 961 2104 1044 constat
2159 959 2501 1052 duobu3‚
2564 960 2967 1051 suadendi,
3029 988 3109 1038 ac
3150 954 3361 1034 dissha-

1140 1077 1402 1158 dendi.
1579 1077 2017 1163 Prooemio,
2091 1071 2315 1180 quale
2366 1073 2475 1152 est
2534 1074 2615 1150 in
2672 1071 3132 1176 judicialibus
3167 1123 3187 1157 ‚
3241 1094 3363 1144 non

1140 1190 1431 1297 ubique
1479 1208 1698 1294 eget,
1756 1189 1937 1293 quia
2007 1185 2451 1264 conciliatus
2505 1184 2616 1262 est
2675 1185 2743 1263 ei
2787 1183 3133 1292 quisque,
3181 1204 3365 1284 quem

1144 1298 1496 1381 consulit.
1595 1301 1911 1377 Initium
1958 1318 2220 1374 tamen
2288 1295 2806 1405 quodcunque
2869 1295 3089 1376 debet
3142 1289 3361 1368 habere

1144 1412 1489 1521 aliquam
1551 1410 1920 1516 prooemii
1990 1406 2343 1511 speciem.
2444 1434 2694 1515 neque
2783 1411 2994 1486 enim
3068 1404 3363 1504 abrupte.

1142 1553 1290 1604 nec
1350 1520 1553 1603 unde
1616 1521 1832 1644 lihuit
1860 1575 1879 1608 ,
1937 1516 2460 1624 incipiendum
2503 1550 2522 1595 :
2615 1521 2796 1632 quia
2855 1510 2967 1597 ‘est
3015 1508 3269 1622 aliquid
3314 1512 3374 1585 ‘m

1143 1639 1368 1716 omni
1419 1656 1741 1712 matema
1785 1629 2232 1708 naturaliter
2297 1636 2663 1735 primum.
2809 1633 2896 1708 ln
2955 1626 3195 1708 senatu
3264 1635 3375 1699 un·-

1143 1773 1302 1854 que
1346 1750 1425 1825 δε.
1477 1746 1562 1822 in
1612 1741 2156 1844 concionibus2
2210 1739 2485 1821 eadem
2543 1744 2740 1820 ratio
2795 1769 2965 1849 quae
3020 1733 3205 1845 apud
3233 1730 3381 1833 judi·

1142 1884 1271 1936 ces
1309 1911 1331 1945 ‚
1415 1851 1900 1961 acquirendae
1969 1850 2104 1930 sibi
2162 1852 2621 1960 plerumque
2680 1880 2960 1933 eorum
3011 1847 3199 1958 apud
3231 1869 3379 1953 quos

1136 1964 1564 2048 dicendum
1611 1963 1749 2054 fit,
1817 1961 2393 2043 benevolentiae.
2507 1968 2674 2042 Nec
2713 1969 3050 2053 mirum,
3110 1985 3268 2040 cum
3299 1976 3376 2033 et·

1139 2085 1301 2158 iam
1374 2080 1453 2155 in
1542 2078 2022 2182 Panegyricis
2085 2097 2390 2181 petatur
2458 2073 2941 2157 audientium
2993 2075 3228 2157 favor,
3282 2067 3381 2146 ubi

1139 2192 1770 2281 emolumentum
1830 2214 1993 2266 non
2052 2191 2130 2264 in
2188 2187 2511 2266 utilitate
2568 2187 2867 2295 aliqua,
2934 2185 3059 2266 sed
3135 2190 3207 2262 in
3261 2177 3376 2257 sola

1144 2301 1372 2382 laude
1417 2299 1771 2379 consistit.
1866 2297 2319 2377 Aristoteles
2377 2296 2696 2407 quidem
2726 2355 2749 2390 ,
2797 2327 2944 2380 nec
2995 2297 3146 2378 sme
3176 2290 3381 2376 causa.

1139 2435 1362 2521 putat
1412 2417 1492 2492 &
1532 2438 1575 2490 a
1615 2407 1911 2500 nostra,
1953 2414 2034 2489 ὅ(
2086 2408 2182 2488 ab
2235 2413 2394 2511 ejus
2457 2413 2591 2515 qui
2633 2409 3018 2492 dissentiet
3083 2405 3385 2517 persona,

1138 2523 1323 2607 duci
1376 2523 1826 2632 frequenter
1878 2525 1959 2599 in
2009 2519 2337 2602 confiliis
2386 2520 2806 2604 exordium
2844 2581 2868 2615 ,
2935 2521 3136 2632 quasi
3180 2521 3388 2600 mutu⁴

1138 2639 1443 2717 antibus
1492 2636 1646 2715 hoc
1693 2632 1916 2713 nobis
1954 2657 2017 2712 ‘a
2063 2631 2400 2734 judiciali
2460 2661 2745 2740 genere
2790 2668 2809 2715 ε
2885 2651 3386 2741 nonnunquam

1137 2751 1383 2829 etiam
1438 2771 1526 2825 ut
1580 2749 1845 2825 minor
1895 2773 2016 2823 res
2070 2749 2416 2851 majorve
2482 2744 2855 2828 videatur.
2973 2755 3060 2827 ln
3122 2745 3388 2826 demon-

1137 2859 1467 2941 strativis
1520 2883 1711 2953 ‚vero
1772 2859 2160 2962 prooemia
2229 2855 2373 2937 esse
2456 2861 2806 2938 maxime
2890 2858 3130 2940 libera
3191 2851 3391 2936 existl-

1134 2993 1323 3049 mat.
1417 2975 1627 3048 Nam
1684 2972 1764 3047 &
1823 2967 2057 3075 longe
2105 2994 2148 3046 a
2206 2977 2531 3047 materia
2580 2969 2800 3064 duci,
2871 2997 2958 3051 ut
3006 2975 3083 3051 in
3128 2967 3390 3067 Helena:

1104 3080 1362 3162 laude
1413 3079 1769 3160 Isocrates
1830 3079 2140 3158 fecerit:
2205 3086 2284 3160 &
2337 3107 2435 3159 ex
2498 3081 2753 3190 aliqua
2804 3087 2925 3163 rei
2978 3087 3279 3170 vicinia,
3330 3093 3394 3152 ut

1136 3191 1352 3275 idem
1402 3194 1485 3271 in
1534 3194 2007 3299 Panegyrico
2064 3194 2568 3299 conqueritur
2635 3194 2809 3299 plus
2895 3195 3214 3276 honoris
3266 3214 3397 3270 cor-

1135 3331 1426 3411 porum
1498 3328 1733 3408 quam
1801 3306 2251 3383 animorum
2315 3306 2720 3387 virtutibus
2772 3307 2998 3387 dari:
3115 3313 3191 3387 ὃ(
3238 3309 3401 3382 Gor-

1133 3419 1298 3521 gias
1358 3418 1438 3492 in
1497 3415 1921 3520 Olympico
1975 3414 2289 3497 laudans
2352 3445 2483 3496 eos
2550 3422 2685 3525 qui
2754 3422 3006 3525 primi
3083 3417 3260 3501 tales
3318 3415 3403 3491 in·

1134 3525 1541 3605 stituerunt
1615 3549 2062 3607 conventus.
2181 3532 2396 3632 Quos
2464 3522 2754 3610 secutus
2813 3531 3179 3612 videlicet
3241 3519 3404 3607 Cris-

1130 3663 1276 3741 pus
1326 3635 1709 3716 Sallustius
1744 3693 1766 3727 ,
1859 3641 1940 3717 in
1990 3638 2213 3720 Bello
2257 3642 2727 3749 Jugurthino
2807 3649 2890 3725 &
2958 3641 3409 3725 Catilinarim

1132 3747 1330 3825 nihil
1384 3744 1480 3825 ad
1540 3748 1942 3827 historiam
1984 3752 2570 3856 pertinentibus'
2597 3758 3006 3863 principiis
3057 3752 3262 3836 orsus
3303 3744 3406 3828 est.

1018 3878 1023 3883 ’
1134 3856 1286 3984 Sed
1343 3887 1543 3937 nunc
1599 3858 1696 3938 ad
1737 3856 2215 3959 suasoriam,-
2267 3869 2348 3944 ἰή
2408 3872 2564 3977 qua]
2599 3870 2838 3947 etiam
2891 3864 3143 3976 quum
3191 3890 3415 3975 prooe-

1139 3994 1308 4069 τωο
1372 3995 1684 4054 utemur
1717 4028 1743 4064 ,
1808 3972 2163 4061 breviore
2216 3974 2478 4067 tamen
2503 3984 2609 4067 ’δε
2645 3978 2864 4065 velut
2934 3968 3279 4092 quodam
3318 3999 3417 4052 ca-

3284 4106 3412 4193 pite
