<?xml version="1.0" encoding="UTF-8"?>
<!DOCTYPE html PUBLIC "-//W3C//DTD XHTML 1.0 Transitional//EN"
    "http://www.w3.org/TR/xhtml1/DTD/xhtml1-transitional.dtd">
<html xmlns="http://www.w3.org/1999/xhtml" xml:lang="en" lang="en">
 <head>
  <title>
</title>
<meta http-equiv="Content-Type" content="text/html;charset=utf-8" />
  <meta name='ocr-system' content='tesseract 3.04.00' />
  <meta name='ocr-capabilities' content='ocr_page ocr_carea ocr_par ocr_line ocrx_word'/>
</head>
<body>
  <div class='ocr_page' id='page_1' title='image "./deinstitutioneo00obregoog_0246.png"; bbox 0 0 3557 5113; ppageno 0'>
   <div class='ocr_carea' id='block_1_1' title="bbox 784 293 3138 446">
    <p class='ocr_par' dir='ltr' id='par_1_1' title="bbox 784 293 3138 446">
     <span class='ocr_line' id='line_1_1' title="bbox 784 293 3138 446; baseline -0.011 -30"><span class='ocrx_word' id='word_1_1' title='bbox 784 331 999 446; x_wconf 88' lang='lat'>104</span> <span class='ocrx_word' id='word_1_2' title='bbox 1393 296 1545 401; x_wconf 89' lang='lat' dir='ltr'>M.</span> <span class='ocrx_word' id='word_1_3' title='bbox 1654 298 2021 401; x_wconf 81' lang='lat' dir='ltr'>FA1311</span> <span class='ocrx_word' id='word_1_4' title='bbox 2181 293 3138 423; x_wconf 70' lang='lat' dir='ltr'>QiNCULiANl</span> 
     </span>
    </p>
   </div>
   <div class='ocr_carea' id='block_1_2' title="bbox 710 572 3370 802">
    <p class='ocr_par' dir='ltr' id='par_1_2' title="bbox 710 572 3370 802">
     <span class='ocr_line' id='line_1_2' title="bbox 717 572 3368 685; baseline -0.009 -12"><span class='ocrx_word' id='word_1_5' title='bbox 717 594 849 672; x_wconf 68' lang='lat' dir='ltr'>CA</span> <span class='ocrx_word' id='word_1_6' title='bbox 873 621 935 674; x_wconf 75' lang='grc' dir='ltr'>ι.</span> <span class='ocrx_word' id='word_1_7' title='bbox 978 591 1081 676; x_wconf 87' lang='grc' dir='ltr'>Χ.</span> <span class='ocrx_word' id='word_1_8' title='bbox 1134 610 1322 668; x_wconf 85' lang='lat' dir='ltr'>ones</span> <span class='ocrx_word' id='word_1_9' title='bbox 1383 581 1746 665; x_wconf 89' lang='lat' dir='ltr'>adhibere</span> <span class='ocrx_word' id='word_1_10' title='bbox 1807 580 2038 664; x_wconf 83' lang='lat' dir='ltr'>causae</span> <span class='ocrx_word' id='word_1_11' title='bbox 2074 635 2098 672; x_wconf 88' lang='lat'>‚</span> <span class='ocrx_word' id='word_1_12' title='bbox 2178 577 2276 658; x_wconf 89' lang='lat' dir='ltr'>de</span> <span class='ocrx_word' id='word_1_13' title='bbox 2327 604 2479 685; x_wconf 90' lang='lat' dir='ltr'>qua</span> <span class='ocrx_word' id='word_1_14' title='bbox 2531 603 2767 655; x_wconf 85' lang='lat' dir='ltr'>nemo</span> <span class='ocrx_word' id='word_1_15' title='bbox 2817 572 2907 652; x_wconf 83' lang='lat' dir='ltr'>sit</span> <span class='ocrx_word' id='word_1_16' title='bbox 2964 573 3368 678; x_wconf 57' lang='lat' dir='ltr'>pronunciass</span> 
     </span>
     <span class='ocr_line' id='line_1_3' title="bbox 710 683 3370 802; baseline -0.004 -25"><span class='ocrx_word' id='word_1_17' title='bbox 710 693 715 699; x_wconf 72' lang='grc'><strong><em>’</em></strong></span> <span class='ocrx_word' id='word_1_18' title='bbox 1133 717 1346 779; x_wconf 90' lang='lat' dir='ltr'>turus</span> <span class='ocrx_word' id='word_1_19' title='bbox 1387 694 1410 776; x_wconf 72' lang='grc' dir='ltr'><strong>ἒ</strong></span> <span class='ocrx_word' id='word_1_20' title='bbox 1503 701 1595 775; x_wconf 91' lang='lat' dir='ltr'>Et</span> <span class='ocrx_word' id='word_1_21' title='bbox 1627 697 1791 790; x_wconf 85' lang='lat' dir='ltr'>haec</span> <span class='ocrx_word' id='word_1_22' title='bbox 1850 691 2170 802; x_wconf 85' lang='lat' dir='ltr'>quidem</span> <span class='ocrx_word' id='word_1_23' title='bbox 2220 688 2490 771; x_wconf 86' lang='lat' dir='ltr'>otiosa.</span> <span class='ocrx_word' id='word_1_24' title='bbox 2517 710 2819 767; x_wconf 89' lang='lat' dir='ltr'>tantum</span> <span class='ocrx_word' id='word_1_25' title='bbox 2859 716 2876 763; x_wconf 71' lang='grc' dir='ltr'>ε</span> <span class='ocrx_word' id='word_1_26' title='bbox 2943 683 3139 763; x_wconf 88' lang='lat' dir='ltr'>affici</span> <span class='ocrx_word' id='word_1_27' title='bbox 3171 711 3370 771; x_wconf 75' lang='lat' dir='ltr'>vero,</span> 
     </span>
    </p>
   </div>
   <div class='ocr_carea' id='block_1_3' title="bbox 1126 793 3420 4270">
    <p class='ocr_par' dir='ltr' id='par_1_3' title="bbox 1126 793 3420 4270">
     <span class='ocr_line' id='line_1_4' title="bbox 1131 793 3374 911; baseline -0.006 -22"><span class='ocrx_word' id='word_1_28' title='bbox 1131 812 1211 889; x_wconf 89' lang='lat'>&amp;</span> <span class='ocrx_word' id='word_1_29' title='bbox 1263 810 1374 887; x_wconf 91' lang='lat' dir='ltr'>ira</span> <span class='ocrx_word' id='word_1_30' title='bbox 1428 806 1556 889; x_wconf 90' lang='lat' dir='ltr'>vel</span> <span class='ocrx_word' id='word_1_31' title='bbox 1607 808 1816 889; x_wconf 73' lang='lat' dir='ltr'>lustu</span> <span class='ocrx_word' id='word_1_32' title='bbox 1856 829 2320 911; x_wconf 87' lang='lat' dir='ltr'>permovere</span> <span class='ocrx_word' id='word_1_33' title='bbox 2358 857 2380 890; x_wconf 91' lang='lat'>‚</span> <span class='ocrx_word' id='word_1_34' title='bbox 2446 802 2658 901; x_wconf 86' lang='lat' dir='ltr'>cujus</span> <span class='ocrx_word' id='word_1_35' title='bbox 2714 798 2821 877; x_wconf 88' lang='lat' dir='ltr'>est</span> <span class='ocrx_word' id='word_1_36' title='bbox 2865 795 3202 895; x_wconf 78' lang='lat' dir='ltr'>ludibrii,</span> <span class='ocrx_word' id='word_1_37' title='bbox 3258 793 3374 876; x_wconf 73' lang='lat' dir='ltr'>nisi</span> 
     </span>
     <span class='ocr_line' id='line_1_5' title="bbox 1131 906 3372 1026; baseline -0.005 -28"><span class='ocrx_word' id='word_1_38' title='bbox 1131 917 1585 1026; x_wconf 87' lang='lat' dir='ltr'>quibusdam</span> <span class='ocrx_word' id='word_1_39' title='bbox 1624 944 1899 1025; x_wconf 74' lang='lat' dir='ltr'>pugna:</span> <span class='ocrx_word' id='word_1_40' title='bbox 1955 912 2373 995; x_wconf 69' lang='lat' dir='ltr'>simulacris</span> <span class='ocrx_word' id='word_1_41' title='bbox 2429 909 2527 991; x_wconf 87' lang='lat' dir='ltr'>ad</span> <span class='ocrx_word' id='word_1_42' title='bbox 2565 937 2839 991; x_wconf 88' lang='lat' dir='ltr'>verum</span> <span class='ocrx_word' id='word_1_43' title='bbox 2886 906 3272 988; x_wconf 80' lang='lat' dir='ltr'>discrimen</span> <span class='ocrx_word' id='word_1_44' title='bbox 3310 934 3372 997; x_wconf 84' lang='lat' dir='ltr'>a·</span> 
     </span>
     <span class='ocr_line' id='line_1_6' title="bbox 1130 1018 3373 1138; baseline -0.008 -25"><span class='ocrx_word' id='word_1_45' title='bbox 1130 1035 1487 1138; x_wconf 85' lang='lat' dir='ltr'>ciemque</span> <span class='ocrx_word' id='word_1_46' title='bbox 1546 1031 1822 1134; x_wconf 81' lang='lat' dir='ltr'>justam</span> <span class='ocrx_word' id='word_1_47' title='bbox 1878 1024 2436 1108; x_wconf 86' lang='lat' dir='ltr'>consuescimus</span> <span class='ocrx_word' id='word_1_48' title='bbox 2482 1023 2503 1102; x_wconf 72' lang='grc' dir='ltr'><strong>ἓ</strong></span> <span class='ocrx_word' id='word_1_49' title='bbox 2580 1021 2800 1104; x_wconf 88' lang='lat' dir='ltr'>Nihil</span> <span class='ocrx_word' id='word_1_50' title='bbox 2838 1047 3025 1126; x_wconf 87' lang='lat' dir='ltr'>ergo</span> <span class='ocrx_word' id='word_1_51' title='bbox 3066 1022 3249 1099; x_wconf 89' lang='lat' dir='ltr'>inter</span> <span class='ocrx_word' id='word_1_52' title='bbox 3278 1018 3373 1097; x_wconf 90' lang='lat' dir='ltr'>fo-</span> 
     </span>
     <span class='ocr_line' id='line_1_7' title="bbox 1128 1132 3375 1248; baseline -0.006 -25"><span class='ocrx_word' id='word_1_53' title='bbox 1128 1141 1345 1223; x_wconf 85' lang='lat' dir='ltr'>rense</span> <span class='ocrx_word' id='word_1_54' title='bbox 1401 1168 1641 1248; x_wconf 86' lang='lat' dir='ltr'>genus</span> <span class='ocrx_word' id='word_1_55' title='bbox 1698 1138 2064 1229; x_wconf 89' lang='lat' dir='ltr'>dicendi,</span> <span class='ocrx_word' id='word_1_56' title='bbox 2139 1161 2366 1246; x_wconf 90' lang='lat' dir='ltr'>atque</span> <span class='ocrx_word' id='word_1_57' title='bbox 2421 1135 2574 1215; x_wconf 91' lang='lat' dir='ltr'>hoc</span> <span class='ocrx_word' id='word_1_58' title='bbox 2635 1132 3253 1215; x_wconf 88' lang='lat' dir='ltr'>declamatorium</span> <span class='ocrx_word' id='word_1_59' title='bbox 3285 1135 3375 1209; x_wconf 89' lang='lat' dir='ltr'>in·</span> 
     </span>
     <span class='ocr_line' id='line_1_8' title="bbox 1137 1244 3377 1360; baseline -0.008 -26"><span class='ocrx_word' id='word_1_60' title='bbox 1137 1258 1405 1334; x_wconf 87' lang='lat' dir='ltr'>tererit</span> <span class='ocrx_word' id='word_1_61' title='bbox 1457 1252 1478 1334; x_wconf 83' lang='lat'>?</span> <span class='ocrx_word' id='word_1_62' title='bbox 1557 1256 1631 1333; x_wconf 87' lang='lat' dir='ltr'>Si</span> <span class='ocrx_word' id='word_1_63' title='bbox 1692 1251 2106 1360; x_wconf 58' lang='lat' dir='ltr'>profectus.</span> <span class='ocrx_word' id='word_1_64' title='bbox 2183 1253 2369 1331; x_wconf 80' lang='lat' dir='ltr'>tatia</span> <span class='ocrx_word' id='word_1_65' title='bbox 2430 1246 2756 1327; x_wconf 75' lang='lat' dir='ltr'>dicimus</span> <span class='ocrx_word' id='word_1_66' title='bbox 2786 1301 2824 1336; x_wconf 8' lang='lat' dir='ltr'>‚a</span> <span class='ocrx_word' id='word_1_67' title='bbox 2894 1244 3105 1324; x_wconf 87' lang='lat' dir='ltr'>nihil.</span> <span class='ocrx_word' id='word_1_68' title='bbox 3251 1244 3377 1322; x_wconf 85' lang='lat' dir='ltr'>Uti-</span> 
     </span>
     <span class='ocr_line' id='line_1_9' title="bbox 1136 1277 3379 1473; baseline -0.007 -27"><span class='ocrx_word' id='word_1_69' title='bbox 1136 1391 1472 1473; x_wconf 88' lang='lat' dir='ltr'>namque</span> <span class='ocrx_word' id='word_1_70' title='bbox 1540 1362 1764 1465; x_wconf 87' lang='lat' dir='ltr'>adjici</span> <span class='ocrx_word' id='word_1_71' title='bbox 1819 1361 1916 1444; x_wconf 89' lang='lat' dir='ltr'>ad</span> <span class='ocrx_word' id='word_1_72' title='bbox 1961 1277 2598 1443; x_wconf 52' lang='lat' dir='ltr'>conffietudinem</span> <span class='ocrx_word' id='word_1_73' title='bbox 2643 1356 2885 1463; x_wconf 76' lang='lat' dir='ltr'>poss&#39;et</span> <span class='ocrx_word' id='word_1_74' title='bbox 2916 1412 2940 1441; x_wconf 86' lang='lat'>‚</span> <span class='ocrx_word' id='word_1_75' title='bbox 3030 1375 3112 1435; x_wconf 91' lang='lat' dir='ltr'>ut</span> <span class='ocrx_word' id='word_1_76' title='bbox 3161 1354 3379 1432; x_wconf 87' lang='lat' dir='ltr'>norni-</span> 
     </span>
     <span class='ocr_line' id='line_1_10' title="bbox 1132 1467 3377 1578; baseline -0.005 -23"><span class='ocrx_word' id='word_1_77' title='bbox 1132 1477 1354 1555; x_wconf 86' lang='lat' dir='ltr'>nibus</span> <span class='ocrx_word' id='word_1_78' title='bbox 1426 1497 1823 1558; x_wconf 89' lang='lat' dir='ltr'>uteremur</span> <span class='ocrx_word' id='word_1_79' title='bbox 1854 1530 1877 1565; x_wconf 88' lang='lat'>‚</span> <span class='ocrx_word' id='word_1_80' title='bbox 1956 1477 2036 1553; x_wconf 90' lang='lat'>&amp;</span> <span class='ocrx_word' id='word_1_81' title='bbox 2084 1472 2468 1578; x_wconf 88' lang='lat' dir='ltr'>perplexae</span> <span class='ocrx_word' id='word_1_82' title='bbox 2522 1473 2765 1575; x_wconf 85' lang='lat' dir='ltr'>magis</span> <span class='ocrx_word' id='word_1_83' title='bbox 2806 1525 2830 1560; x_wconf 90' lang='lat'>‚</span> <span class='ocrx_word' id='word_1_84' title='bbox 2900 1473 2980 1550; x_wconf 89' lang='lat'>&amp;</span> <span class='ocrx_word' id='word_1_85' title='bbox 3049 1467 3377 1573; x_wconf 86' lang='lat' dir='ltr'>longioris</span> 
     </span>
     <span class='ocr_line' id='line_1_11' title="bbox 1136 1578 3380 1693; baseline -0.005 -26"><span class='ocrx_word' id='word_1_86' title='bbox 1136 1586 1547 1693; x_wconf 87' lang='lat' dir='ltr'>aliquando</span> <span class='ocrx_word' id='word_1_87' title='bbox 1607 1589 1812 1667; x_wconf 68' lang='lat' dir='ltr'>astus</span> <span class='ocrx_word' id='word_1_88' title='bbox 1868 1582 2403 1665; x_wconf 70' lang='lat' dir='ltr'>controversiae</span> <span class='ocrx_word' id='word_1_89' title='bbox 2451 1581 2930 1688; x_wconf 87' lang='lat' dir='ltr'>fingerentur</span> <span class='ocrx_word' id='word_1_90' title='bbox 2958 1636 2980 1671; x_wconf 86' lang='lat'>‚</span> <span class='ocrx_word' id='word_1_91' title='bbox 3065 1584 3141 1659; x_wconf 75' lang='grc' dir='ltr'>ὅ(</span> <span class='ocrx_word' id='word_1_92' title='bbox 3185 1578 3380 1659; x_wconf 81' lang='lat' dir='ltr'>verba</span> 
     </span>
     <span class='ocr_line' id='line_1_12' title="bbox 1142 1692 3381 1806; baseline -0.004 -27"><span class='ocrx_word' id='word_1_93' title='bbox 1142 1701 1225 1779; x_wconf 79' lang='lat' dir='ltr'>in</span> <span class='ocrx_word' id='word_1_94' title='bbox 1282 1697 1417 1779; x_wconf 86' lang='lat' dir='ltr'>usu</span> <span class='ocrx_word' id='word_1_95' title='bbox 1456 1697 1917 1806; x_wconf 83' lang='lat' dir='ltr'>quotidiano</span> <span class='ocrx_word' id='word_1_96' title='bbox 1953 1694 2194 1803; x_wconf 79' lang='lat' dir='ltr'>posita</span> <span class='ocrx_word' id='word_1_97' title='bbox 2240 1700 2495 1777; x_wconf 87' lang='lat' dir='ltr'>minus</span> <span class='ocrx_word' id='word_1_98' title='bbox 2531 1699 3030 1784; x_wconf 87' lang='lat' dir='ltr'>timeremus,</span> <span class='ocrx_word' id='word_1_99' title='bbox 3092 1697 3167 1773; x_wconf 74' lang='grc' dir='ltr'>ὅ(</span> <span class='ocrx_word' id='word_1_100' title='bbox 3203 1692 3381 1795; x_wconf 79' lang='lat' dir='ltr'>jocos</span> 
     </span>
     <span class='ocr_line' id='line_1_13' title="bbox 1143 1805 3381 1916; baseline -0.004 -25"><span class='ocrx_word' id='word_1_101' title='bbox 1143 1809 1471 1891; x_wconf 83' lang='lat' dir='ltr'>inserere</span> <span class='ocrx_word' id='word_1_102' title='bbox 1512 1813 1754 1892; x_wconf 90' lang='lat' dir='ltr'>moris</span> <span class='ocrx_word' id='word_1_103' title='bbox 1796 1806 2022 1890; x_wconf 82' lang='lat' dir='ltr'>esset:</span> <span class='ocrx_word' id='word_1_104' title='bbox 2089 1808 2193 1889; x_wconf 92' lang='lat' dir='ltr'>ob</span> <span class='ocrx_word' id='word_1_105' title='bbox 2224 1834 2393 1916; x_wconf 79' lang='lat' dir='ltr'>quae</span> <span class='ocrx_word' id='word_1_106' title='bbox 2433 1833 2576 1888; x_wconf 89' lang='lat' dir='ltr'>nos</span> <span class='ocrx_word' id='word_1_107' title='bbox 2607 1861 2633 1898; x_wconf 85' lang='lat'>,</span> <span class='ocrx_word' id='word_1_108' title='bbox 2705 1805 3131 1916; x_wconf 88' lang='lat' dir='ltr'>quamlibet</span> <span class='ocrx_word' id='word_1_109' title='bbox 3161 1831 3285 1911; x_wconf 88' lang='lat' dir='ltr'>per</span> <span class='ocrx_word' id='word_1_110' title='bbox 3323 1830 3381 1882; x_wconf 85' lang='lat' dir='ltr'>a·</span> 
     </span>
     <span class='ocr_line' id='line_1_14' title="bbox 1139 1917 3383 2025; baseline -0.003 -24"><span class='ocrx_word' id='word_1_111' title='bbox 1139 1922 1240 2001; x_wconf 89' lang='lat' dir='ltr'>lia</span> <span class='ocrx_word' id='word_1_112' title='bbox 1296 1924 1378 2000; x_wconf 86' lang='lat' dir='ltr'>in</span> <span class='ocrx_word' id='word_1_113' title='bbox 1417 1919 1634 2003; x_wconf 86' lang='lat' dir='ltr'>scolis</span> <span class='ocrx_word' id='word_1_114' title='bbox 1678 1918 2074 2002; x_wconf 82' lang='lat' dir='ltr'>exercitati</span> <span class='ocrx_word' id='word_1_115' title='bbox 2119 1917 2353 1999; x_wconf 86' lang='lat' dir='ltr'>fimus</span> <span class='ocrx_word' id='word_1_116' title='bbox 2383 1974 2407 2011; x_wconf 86' lang='lat'>‚</span> <span class='ocrx_word' id='word_1_117' title='bbox 2482 1940 2801 2025; x_wconf 85' lang='lat' dir='ltr'>tyrones</span> <span class='ocrx_word' id='word_1_118' title='bbox 2855 1921 2941 2000; x_wconf 93' lang='lat' dir='ltr'>in</span> <span class='ocrx_word' id='word_1_119' title='bbox 2991 1917 3161 1996; x_wconf 91' lang='lat' dir='ltr'>foro</span> <span class='ocrx_word' id='word_1_120' title='bbox 3208 1919 3383 1995; x_wconf 85' lang='lat' dir='ltr'>inve-</span> 
     </span>
     <span class='ocr_line' id='line_1_15' title="bbox 1137 2024 3384 2138; baseline -0.003 -27"><span class='ocrx_word' id='word_1_121' title='bbox 1137 2036 1419 2115; x_wconf 89' lang='lat' dir='ltr'>nimur.</span> <span class='ocrx_word' id='word_1_122' title='bbox 1530 2037 1604 2113; x_wconf 82' lang='lat' dir='ltr'>Si</span> <span class='ocrx_word' id='word_1_123' title='bbox 1642 2058 1834 2116; x_wconf 87' lang='lat' dir='ltr'>vero</span> <span class='ocrx_word' id='word_1_124' title='bbox 1875 2035 1956 2113; x_wconf 88' lang='lat' dir='ltr'>in</span> <span class='ocrx_word' id='word_1_125' title='bbox 2006 2031 2602 2112; x_wconf 88' lang='lat' dir='ltr'>ostentationem</span> <span class='ocrx_word' id='word_1_126' title='bbox 2635 2051 3132 2138; x_wconf 87' lang='lat' dir='ltr'>comparetur</span> <span class='ocrx_word' id='word_1_127' title='bbox 3181 2024 3384 2108; x_wconf 87' lang='lat' dir='ltr'>decla-</span> 
     </span>
     <span class='ocr_line' id='line_1_16' title="bbox 1140 2140 3388 2252; baseline -0.001 -31"><span class='ocrx_word' id='word_1_128' title='bbox 1140 2147 1436 2235; x_wconf 86' lang='lat' dir='ltr'>matio·‚</span> <span class='ocrx_word' id='word_1_129' title='bbox 1506 2141 1675 2225; x_wconf 88' lang='lat' dir='ltr'>sane</span> <span class='ocrx_word' id='word_1_130' title='bbox 1722 2143 2126 2251; x_wconf 88' lang='lat' dir='ltr'>paululum</span> <span class='ocrx_word' id='word_1_131' title='bbox 2178 2141 2471 2252; x_wconf 87' lang='lat' dir='ltr'>aliquid</span> <span class='ocrx_word' id='word_1_132' title='bbox 2516 2142 2891 2223; x_wconf 86' lang='lat' dir='ltr'>inclinare</span> <span class='ocrx_word' id='word_1_133' title='bbox 2935 2140 3033 2222; x_wconf 93' lang='lat' dir='ltr'>ad</span> <span class='ocrx_word' id='word_1_134' title='bbox 3080 2140 3388 2244; x_wconf 81' lang='lat' dir='ltr'>volupta-</span> 
     </span>
     <span class='ocr_line' id='line_1_17' title="bbox 1138 2251 3390 2361; baseline -0.004 -24"><span class='ocrx_word' id='word_1_135' title='bbox 1138 2277 1302 2337; x_wconf 83' lang='lat' dir='ltr'>tem</span> <span class='ocrx_word' id='word_1_136' title='bbox 1359 2252 1837 2343; x_wconf 86' lang='lat' dir='ltr'>audientium</span> <span class='ocrx_word' id='word_1_137' title='bbox 1911 2252 2326 2361; x_wconf 54' lang='lat' dir='ltr'>debemus„</span> <span class='ocrx_word' id='word_1_138' title='bbox 2460 2261 2668 2335; x_wconf 87' lang='lat' dir='ltr'>Nam</span> <span class='ocrx_word' id='word_1_139' title='bbox 2725 2261 2807 2339; x_wconf 75' lang='grc' dir='ltr'>ὅ(</span> <span class='ocrx_word' id='word_1_140' title='bbox 2867 2258 2960 2337; x_wconf 77' lang='lat' dir='ltr'>iis</span> <span class='ocrx_word' id='word_1_141' title='bbox 3014 2251 3390 2334; x_wconf 61' lang='lat' dir='ltr'>actionibus·</span> 
     </span>
     <span class='ocr_line' id='line_1_18' title="bbox 1137 2361 3385 2474; baseline -0.004 -29"><span class='ocrx_word' id='word_1_142' title='bbox 1137 2393 1308 2473; x_wconf 86' lang='lat' dir='ltr'>quae</span> <span class='ocrx_word' id='word_1_143' title='bbox 1349 2370 1430 2448; x_wconf 92' lang='lat' dir='ltr'>in</span> <span class='ocrx_word' id='word_1_144' title='bbox 1471 2368 1726 2474; x_wconf 86' lang='lat' dir='ltr'>aliqua</span> <span class='ocrx_word' id='word_1_145' title='bbox 1757 2364 1915 2448; x_wconf 88' lang='lat' dir='ltr'>fine</span> <span class='ocrx_word' id='word_1_146' title='bbox 1959 2366 2198 2461; x_wconf 87' lang='lat' dir='ltr'>dubio</span> <span class='ocrx_word' id='word_1_147' title='bbox 2236 2368 2573 2447; x_wconf 80' lang='lat' dir='ltr'>veritate·</span> <span class='ocrx_word' id='word_1_148' title='bbox 2599 2367 3044 2457; x_wconf 84' lang='lat' dir='ltr'>versantur,</span> <span class='ocrx_word' id='word_1_149' title='bbox 3099 2363 3215 2446; x_wconf 91' lang='lat' dir='ltr'>sed</span> <span class='ocrx_word' id='word_1_150' title='bbox 3249 2361 3385 2441; x_wconf 87' lang='lat' dir='ltr'>sunt</span> 
     </span>
     <span class='ocr_line' id='line_1_19' title="bbox 1140 2476 3388 2591; baseline -0.002 -33"><span class='ocrx_word' id='word_1_151' title='bbox 1140 2476 1239 2558; x_wconf 86' lang='lat' dir='ltr'>ad</span> <span class='ocrx_word' id='word_1_152' title='bbox 1276 2479 1737 2585; x_wconf 88' lang='lat' dir='ltr'>popularem</span> <span class='ocrx_word' id='word_1_153' title='bbox 1775 2500 2048 2585; x_wconf 83' lang='lat' dir='ltr'>aptatae</span> <span class='ocrx_word' id='word_1_154' title='bbox 2081 2476 2679 2562; x_wconf 63' lang='lat' dir='ltr'>delectationem</span> <span class='ocrx_word' id='word_1_155' title='bbox 2718 2536 2741 2572; x_wconf 87' lang='lat'>,</span> <span class='ocrx_word' id='word_1_156' title='bbox 2803 2479 3070 2591; x_wconf 87' lang='lat' dir='ltr'>quales</span> <span class='ocrx_word' id='word_1_157' title='bbox 3103 2478 3388 2586; x_wconf 74' lang='lat' dir='ltr'>legimus</span> 
     </span>
     <span class='ocr_line' id='line_1_20' title="bbox 1132 2589 3390 2700; baseline -0.002 -30"><span class='ocrx_word' id='word_1_158' title='bbox 1132 2593 1702 2700; x_wconf 70' lang='lat' dir='ltr'>panegyricos,</span> <span class='ocrx_word' id='word_1_159' title='bbox 1771 2612 2181 2698; x_wconf 85' lang='lat' dir='ltr'>totumque</span> <span class='ocrx_word' id='word_1_160' title='bbox 2225 2591 2378 2673; x_wconf 82' lang='lat' dir='ltr'>hoc</span> <span class='ocrx_word' id='word_1_161' title='bbox 2437 2589 3137 2676; x_wconf 84' lang='lat' dir='ltr'>demonstrativum</span> <span class='ocrx_word' id='word_1_162' title='bbox 3185 2610 3390 2696; x_wconf 79' lang='lat' dir='ltr'>genus</span> 
     </span>
     <span class='ocr_line' id='line_1_21' title="bbox 1137 2701 3390 2813; baseline -0.002 -35"><span class='ocrx_word' id='word_1_163' title='bbox 1137 2705 1617 2802; x_wconf 88' lang='lat' dir='ltr'>permittitur</span> <span class='ocrx_word' id='word_1_164' title='bbox 1664 2702 2027 2782; x_wconf 87' lang='lat' dir='ltr'>adhibere</span> <span class='ocrx_word' id='word_1_165' title='bbox 2076 2702 2249 2808; x_wconf 89' lang='lat' dir='ltr'>plus</span> <span class='ocrx_word' id='word_1_166' title='bbox 2295 2701 2541 2784; x_wconf 88' lang='lat' dir='ltr'>cultus</span> <span class='ocrx_word' id='word_1_167' title='bbox 2579 2736 2601 2797; x_wconf 79' lang='lat'>3</span> <span class='ocrx_word' id='word_1_168' title='bbox 2654 2728 3139 2813; x_wconf 89' lang='lat' dir='ltr'>omnemque</span> <span class='ocrx_word' id='word_1_169' title='bbox 3179 2723 3390 2782; x_wconf 85' lang='lat' dir='ltr'>artem</span> 
     </span>
     <span class='ocr_line' id='line_1_22' title="bbox 1145 2804 3392 2919; baseline -0.002 -27"><span class='ocrx_word' id='word_1_170' title='bbox 1145 2820 1364 2919; x_wconf 78' lang='lat' dir='ltr'>(quae</span> <span class='ocrx_word' id='word_1_171' title='bbox 1407 2811 1646 2895; x_wconf 87' lang='lat' dir='ltr'>latere</span> <span class='ocrx_word' id='word_1_172' title='bbox 1684 2814 2142 2919; x_wconf 89' lang='lat' dir='ltr'>plerumque</span> <span class='ocrx_word' id='word_1_173' title='bbox 2188 2819 2272 2896; x_wconf 89' lang='lat' dir='ltr'>in</span> <span class='ocrx_word' id='word_1_174' title='bbox 2319 2813 2617 2917; x_wconf 68' lang='lat' dir='ltr'>judiciis</span> <span class='ocrx_word' id='word_1_175' title='bbox 2657 2815 2943 2917; x_wconf 90' lang='lat' dir='ltr'>debet)</span> <span class='ocrx_word' id='word_1_176' title='bbox 2990 2843 3149 2898; x_wconf 89' lang='lat' dir='ltr'>non</span> <span class='ocrx_word' id='word_1_177' title='bbox 3188 2804 3392 2892; x_wconf 86' lang='lat' dir='ltr'>confi-</span> 
     </span>
     <span class='ocr_line' id='line_1_23' title="bbox 1155 2911 3391 3016; baseline -0.002 -13"><span class='ocrx_word' id='word_1_178' title='bbox 1155 2928 1300 3003; x_wconf 89' lang='lat' dir='ltr'>teri</span> <span class='ocrx_word' id='word_1_179' title='bbox 1344 2923 1590 3005; x_wconf 92' lang='lat' dir='ltr'>modo</span> <span class='ocrx_word' id='word_1_180' title='bbox 1626 2980 1651 3016; x_wconf 83' lang='lat'>‚</span> <span class='ocrx_word' id='word_1_181' title='bbox 1712 2922 1843 3008; x_wconf 75' lang='lat' dir='ltr'>sed</span> <span class='ocrx_word' id='word_1_182' title='bbox 1880 2923 2263 3008; x_wconf 85' lang='lat' dir='ltr'>ostentare</span> <span class='ocrx_word' id='word_1_183' title='bbox 2324 2911 2600 3007; x_wconf 71' lang='lat' dir='ltr'>etiam&#39;</span> <span class='ocrx_word' id='word_1_184' title='bbox 2625 2925 3078 3012; x_wconf 86' lang='lat' dir='ltr'>hominibus</span> <span class='ocrx_word' id='word_1_185' title='bbox 3136 2932 3208 3005; x_wconf 89' lang='lat' dir='ltr'>in</span> <span class='ocrx_word' id='word_1_186' title='bbox 3267 2924 3391 3000; x_wconf 87' lang='lat' dir='ltr'>hoc</span> 
     </span>
     <span class='ocr_line' id='line_1_24' title="bbox 1148 3032 3400 3146; baseline -0.003 -29"><span class='ocrx_word' id='word_1_187' title='bbox 1148 3034 1557 3120; x_wconf 82' lang='lat' dir='ltr'>advocatis.</span> <span class='ocrx_word' id='word_1_188' title='bbox 1672 3041 1936 3142; x_wconf 80' lang='lat' dir='ltr'>Qare·</span> <span class='ocrx_word' id='word_1_189' title='bbox 1986 3034 2450 3120; x_wconf 83' lang='lat' dir='ltr'>declamatio</span> <span class='ocrx_word' id='word_1_190' title='bbox 2477 3094 2501 3124; x_wconf 85' lang='lat'>,</span> <span class='ocrx_word' id='word_1_191' title='bbox 2554 3045 2933 3146; x_wconf 90' lang='lat' dir='ltr'>quoniam</span> <span class='ocrx_word' id='word_1_192' title='bbox 2981 3032 3087 3124; x_wconf 88' lang='lat' dir='ltr'>est</span> <span class='ocrx_word' id='word_1_193' title='bbox 3117 3034 3400 3140; x_wconf 85' lang='lat' dir='ltr'>judicio-</span> 
     </span>
     <span class='ocr_line' id='line_1_25' title="bbox 1146 3147 3397 3257; baseline -0.001 -30"><span class='ocrx_word' id='word_1_194' title='bbox 1146 3174 1326 3230; x_wconf 90' lang='lat' dir='ltr'>rum</span> <span class='ocrx_word' id='word_1_195' title='bbox 1362 3147 2014 3257; x_wconf 85' lang='lat' dir='ltr'>confiliorumque</span> <span class='ocrx_word' id='word_1_196' title='bbox 2057 3151 2320 3256; x_wconf 84' lang='lat' dir='ltr'>imago</span> <span class='ocrx_word' id='word_1_197' title='bbox 2346 3206 2370 3242; x_wconf 91' lang='lat'>‚</span> <span class='ocrx_word' id='word_1_198' title='bbox 2437 3147 2702 3234; x_wconf 84' lang='lat' dir='ltr'>similis</span> <span class='ocrx_word' id='word_1_199' title='bbox 2753 3154 2912 3236; x_wconf 79' lang='lat' dir='ltr'>esse</span> <span class='ocrx_word' id='word_1_200' title='bbox 2962 3147 3397 3254; x_wconf 73' lang='lat' dir='ltr'>debetvcri-</span> 
     </span>
     <span class='ocr_line' id='line_1_26' title="bbox 1147 3251 3399 3371; baseline 0.003 -32"><span class='ocrx_word' id='word_1_201' title='bbox 1147 3264 1285 3341; x_wconf 89' lang='lat' dir='ltr'>tati</span> <span class='ocrx_word' id='word_1_202' title='bbox 1324 3291 1341 3342; x_wconf 85' lang='lat'><strong>:</strong></span> <span class='ocrx_word' id='word_1_203' title='bbox 1405 3266 1777 3368; x_wconf 86' lang='lat' dir='ltr'>quoniam</span> <span class='ocrx_word' id='word_1_204' title='bbox 1820 3282 2082 3344; x_wconf 84' lang='lat' dir='ltr'>autem</span> <span class='ocrx_word' id='word_1_205' title='bbox 2119 3261 2409 3371; x_wconf 87' lang='lat' dir='ltr'>aliquid</span> <span class='ocrx_word' id='word_1_206' title='bbox 2454 3266 2534 3344; x_wconf 89' lang='lat' dir='ltr'>in</span> <span class='ocrx_word' id='word_1_207' title='bbox 2571 3262 2644 3346; x_wconf 90' lang='lat' dir='ltr'>sc</span> <span class='ocrx_word' id='word_1_208' title='bbox 2690 3265 2928 3348; x_wconf 79' lang='lat' dir='ltr'>habet</span> <span class='ocrx_word' id='word_1_209' title='bbox 2986 3251 3399 3345; x_wconf 67' lang='grc' dir='ltr'>ὲπιὸειιιταὶν,</span> 
     </span>
     <span class='ocr_line' id='line_1_27' title="bbox 1126 3371 3404 3483; baseline -0.002 -32"><span class='ocrx_word' id='word_1_210' title='bbox 1126 3371 1498 3480; x_wconf 58' lang='lat' dir='ltr'>nonnihil</span> <span class='ocrx_word' id='word_1_211' title='bbox 1534 3372 1668 3456; x_wconf 83' lang='lat' dir='ltr'>fibi</span> <span class='ocrx_word' id='word_1_212' title='bbox 1718 3376 1994 3460; x_wconf 85' lang='lat' dir='ltr'>nitoris</span> <span class='ocrx_word' id='word_1_213' title='bbox 2026 3371 2432 3470; x_wconf 71' lang='lat' dir='ltr'>assumere„</span> <span class='ocrx_word' id='word_1_214' title='bbox 2529 3375 2767 3483; x_wconf 83' lang='lat' dir='ltr'>Qod</span> <span class='ocrx_word' id='word_1_215' title='bbox 2812 3378 3104 3460; x_wconf 83' lang='lat' dir='ltr'>faciunt</span> <span class='ocrx_word' id='word_1_216' title='bbox 3143 3373 3404 3453; x_wconf 64' lang='lat' dir='ltr'>actores</span> 
     </span>
     <span class='ocr_line' id='line_1_28' title="bbox 1143 3482 3406 3598; baseline -0 -35"><span class='ocrx_word' id='word_1_217' title='bbox 1143 3485 1430 3565; x_wconf 87' lang='lat' dir='ltr'>comici</span> <span class='ocrx_word' id='word_1_218' title='bbox 1469 3514 1487 3563; x_wconf 72' lang='grc' dir='ltr'><strong>ε</strong></span> <span class='ocrx_word' id='word_1_219' title='bbox 1547 3489 1677 3591; x_wconf 91' lang='lat' dir='ltr'>qui</span> <span class='ocrx_word' id='word_1_220' title='bbox 1712 3512 1968 3592; x_wconf 89' lang='lat' dir='ltr'>neque</span> <span class='ocrx_word' id='word_1_221' title='bbox 2011 3487 2116 3564; x_wconf 88' lang='lat' dir='ltr'>ita</span> <span class='ocrx_word' id='word_1_222' title='bbox 2155 3485 2461 3591; x_wconf 88' lang='lat' dir='ltr'>prorsus</span> <span class='ocrx_word' id='word_1_223' title='bbox 2485 3543 2532 3579; x_wconf 86' lang='lat'>‚.</span> <span class='ocrx_word' id='word_1_224' title='bbox 2593 3511 2683 3570; x_wconf 91' lang='lat' dir='ltr'>ut</span> <span class='ocrx_word' id='word_1_225' title='bbox 2723 3516 2875 3570; x_wconf 86' lang='lat' dir='ltr'>nos</span> <span class='ocrx_word' id='word_1_226' title='bbox 2910 3492 3148 3598; x_wconf 76' lang='lat' dir='ltr'>vulgo</span> <span class='ocrx_word' id='word_1_227' title='bbox 3189 3482 3406 3590; x_wconf 87' lang='lat' dir='ltr'>loqui·</span> 
     </span>
     <span class='ocr_line' id='line_1_29' title="bbox 1144 3595 3406 3709; baseline 0.002 -35"><span class='ocrx_word' id='word_1_228' title='bbox 1144 3621 1328 3674; x_wconf 87' lang='lat' dir='ltr'>mur</span> <span class='ocrx_word' id='word_1_229' title='bbox 1349 3649 1370 3685; x_wconf 89' lang='lat'>,</span> <span class='ocrx_word' id='word_1_230' title='bbox 1428 3599 2000 3698; x_wconf 58' lang='lat' dir='ltr'>pronunciants</span> <span class='ocrx_word' id='word_1_231' title='bbox 2049 3597 2264 3706; x_wconf 87' lang='lat' dir='ltr'>quod</span> <span class='ocrx_word' id='word_1_232' title='bbox 2295 3595 2659 3680; x_wconf 85' lang='lat' dir='ltr'>effetsme</span> <span class='ocrx_word' id='word_1_233' title='bbox 2687 3624 2899 3682; x_wconf 84' lang='lat' dir='ltr'>arte:</span> <span class='ocrx_word' id='word_1_234' title='bbox 2965 3625 3214 3709; x_wconf 87' lang='lat' dir='ltr'>neque</span> <span class='ocrx_word' id='word_1_235' title='bbox 3252 3620 3406 3703; x_wconf 83' lang='lat' dir='ltr'>pro-</span> 
     </span>
     <span class='ocr_line' id='line_1_30' title="bbox 1141 3703 3410 3830; baseline 0.001 -42"><span class='ocrx_word' id='word_1_236' title='bbox 1141 3703 1274 3830; x_wconf 80' lang='lat' dir='ltr'>cul</span> <span class='ocrx_word' id='word_1_237' title='bbox 1306 3723 1571 3787; x_wconf 86' lang='lat' dir='ltr'>tamen</span> <span class='ocrx_word' id='word_1_238' title='bbox 1611 3735 1654 3788; x_wconf 84' lang='lat' dir='ltr'>a</span> <span class='ocrx_word' id='word_1_239' title='bbox 1689 3729 1957 3789; x_wconf 86' lang='lat' dir='ltr'>natura</span> <span class='ocrx_word' id='word_1_240' title='bbox 1991 3708 2364 3792; x_wconf 88' lang='lat' dir='ltr'>recedunt</span> <span class='ocrx_word' id='word_1_241' title='bbox 2398 3742 2417 3792; x_wconf 74' lang='grc' dir='ltr'>ε</span> <span class='ocrx_word' id='word_1_242' title='bbox 2481 3736 2643 3820; x_wconf 88' lang='lat' dir='ltr'>quo</span> <span class='ocrx_word' id='word_1_243' title='bbox 2684 3715 2888 3796; x_wconf 87' lang='lat' dir='ltr'>vitio</span> <span class='ocrx_word' id='word_1_244' title='bbox 2934 3718 3218 3822; x_wconf 84' lang='lat' dir='ltr'>periret</span> <span class='ocrx_word' id='word_1_245' title='bbox 3261 3709 3410 3786; x_wconf 84' lang='lat' dir='ltr'>imi-</span> 
     </span>
     <span class='ocr_line' id='line_1_31' title="bbox 1144 3814 3411 3928; baseline -0.001 -29"><span class='ocrx_word' id='word_1_246' title='bbox 1144 3832 1337 3899; x_wconf 70' lang='lat' dir='ltr'>tatio</span> <span class='ocrx_word' id='word_1_247' title='bbox 1371 3843 1419 3893; x_wconf 73' lang='grc' dir='ltr'>ε.</span> <span class='ocrx_word' id='word_1_248' title='bbox 1460 3814 1591 3902; x_wconf 91' lang='lat' dir='ltr'>sed</span> <span class='ocrx_word' id='word_1_249' title='bbox 1626 3844 1941 3900; x_wconf 88' lang='lat' dir='ltr'>morem</span> <span class='ocrx_word' id='word_1_250' title='bbox 1985 3824 2426 3904; x_wconf 87' lang='lat' dir='ltr'>communis</span> <span class='ocrx_word' id='word_1_251' title='bbox 2464 3823 2688 3928; x_wconf 83' lang='lat' dir='ltr'>hujus</span> <span class='ocrx_word' id='word_1_252' title='bbox 2737 3824 3122 3909; x_wconf 87' lang='lat' dir='ltr'>sermonis</span> <span class='ocrx_word' id='word_1_253' title='bbox 3155 3820 3411 3908; x_wconf 85' lang='lat' dir='ltr'>decore</span> 
     </span>
     <span class='ocr_line' id='line_1_32' title="bbox 1139 3924 3418 4046; baseline 0.001 -38"><span class='ocrx_word' id='word_1_254' title='bbox 1139 3924 1488 4037; x_wconf 73' lang='lat' dir='ltr'>quodam</span> <span class='ocrx_word' id='word_1_255' title='bbox 1509 3926 1811 4013; x_wconf 80' lang='lat' dir='ltr'>scenico</span> <span class='ocrx_word' id='word_1_256' title='bbox 1851 3953 2251 4014; x_wconf 82' lang='lat' dir='ltr'>exornant.</span> <span class='ocrx_word' id='word_1_257' title='bbox 2342 3937 2462 4016; x_wconf 87' lang='lat' dir='ltr'>Sic</span> <span class='ocrx_word' id='word_1_258' title='bbox 2500 3963 2814 4044; x_wconf 90' lang='lat' dir='ltr'>quoque</span> <span class='ocrx_word' id='word_1_259' title='bbox 2849 3939 3114 4046; x_wconf 71' lang='lat' dir='ltr'>aliqua</span> <span class='ocrx_word' id='word_1_260' title='bbox 3145 3961 3281 4018; x_wconf 86' lang='lat' dir='ltr'>nos</span> <span class='ocrx_word' id='word_1_261' title='bbox 3320 3934 3418 4010; x_wconf 84' lang='lat' dir='ltr'>in-</span> 
     </span>
     <span class='ocr_line' id='line_1_33' title="bbox 1141 4039 3419 4156; baseline 0.004 -31"><span class='ocrx_word' id='word_1_262' title='bbox 1141 4039 1566 4156; x_wconf 77' lang='lat' dir='ltr'>commoda</span> <span class='ocrx_word' id='word_1_263' title='bbox 1619 4067 1720 4126; x_wconf 85' lang='lat' dir='ltr'>cx</span> <span class='ocrx_word' id='word_1_264' title='bbox 1771 4040 1894 4125; x_wconf 86' lang='lat' dir='ltr'>his</span> <span class='ocrx_word' id='word_1_265' title='bbox 1957 4067 2144 4154; x_wconf 86' lang='lat' dir='ltr'>quas</span> <span class='ocrx_word' id='word_1_266' title='bbox 2188 4042 2643 4131; x_wconf 77' lang='lat' dir='ltr'>finxerimus</span> <span class='ocrx_word' id='word_1_267' title='bbox 2689 4054 3044 4154; x_wconf 78' lang='lat' dir='ltr'>materijs</span> <span class='ocrx_word' id='word_1_268' title='bbox 3081 4105 3107 4145; x_wconf 86' lang='lat'>,</span> <span class='ocrx_word' id='word_1_269' title='bbox 3177 4040 3419 4132; x_wconf 49' lang='lat' dir='ltr'>consen</span> 
     </span>
     <span class='ocr_line' id='line_1_34' title="bbox 1154 4183 3420 4270; baseline -0.004 -24"><span class='ocrx_word' id='word_1_270' title='bbox 1154 4191 1161 4196; x_wconf 58' lang='lat'><em>⁷</em></span> <span class='ocrx_word' id='word_1_271' title='bbox 3201 4183 3420 4270; x_wconf 82' lang='lat' dir='ltr'>qucu-</span> 
     </span>
    </p>
   </div>
  </div>
 </body>
</html>
