3557 5113
760 169 1010 321 726
1294 174 3265 307 MFaanumci-xtmm‘

747 453 954 566 Cn.
982 475 1065 553 11.
1112 489 1365 547 tutem
1417 472 1630 549 via'm
1687 466 2001 572 deliget.
2093 467 2655 545 Exercitatione
2735 461 3065 584 quissm
3148 487 3386 545 utetur

1116 585 1344 659 omni
1371 634 1394 670 ,
1451 580 1581 659 sed
1642 603 1904 659 tamen
1946 580 2096 656 erit
2148 577 2529 682 plurimus
2574 581 2659 656 in
2705 581 3072 657 maximis
3114 578 3389 685 quibus

1124 720 1276 800 que
1319 721 1405 772 ac
1448 716 1716 771 natura
1746 690 2312 798 pulcherrimis.
2405 696 2610 769 Nam
2647 717 2809 796 quae
2870 690 3123 794 potest
3174 716 3388 771 mate-

1032 897 1050 904 ,
1107 809 1235 884 ·ria
1273 810 1596 910 reperiri
1651 803 1745 883 ad
1787 804 2124 909 graviter
2173 802 2631 909 copioseque
2692 801 3114 883 dicendum
3162 809 3389 910 magis

1117 917 1547 1007 abundans,
1602 943 1837 1023 quam
1887 913 1985 995 de
2040 918 2325 996 virtute
2362 969 2385 1003 ‚
2453 915 2551 995 de
2596 915 3022 1020 republica.
3090 914 3200 996 de
3245 945 3387 1021 pro-

1113 1027 1495 1113 videntia,
1542 1025 1640 1108 de
1681 1030 1989 1134 origine
2027 1031 2473 1112 animorum
2509 1081 2533 1118 ,
2592 1026 2689 1107 de
2731 1031 3097 1106 amicitia.
3233 1035 3389 1128 Haec

1101 1140 1285 1221 sunt
1324 1141 1603 1248 quibus
1643 1167 1867 1219 mens
1910 1142 2196 1245 pariter
2229 1164 2461 1247 atque
2499 1143 2750 1219 oratio
2788 1139 3390 1249 insurgantzquae

1110 1279 1297 1332 vere
1334 1255 1539 1333 bona
1574 1309 1596 1337 ‚
1651 1252 1845 1361 quid
1877 1256 2181 1357 mitiget
2206 1275 2457 1331 metus
2481 1308 2503 1343 ‚
2526 1274 2878 1334 coerceat
2916 1253 3386 1358 cupiditates,

1113 1369 1412 1445 eximat
1444 1392 1585 1444 nos
1625 1364 2123 1472 opinionibus
2184 1363 2432 1470 vulgi,
2457 1367 2955 1473 animumque
2985 1366 3383 1446 coelestem.

1113 1482 1395 1584 Neque
1431 1506 1518 1558 ea
1560 1478 1814 1557 solum
1847 1503 2017 1582 quae
2071 1475 2342 1556 talibus
2401 1476 2812 1581 disciplinis
2880 1482 3384 1570 continentur,

1113 1586 1246 1668 sed
1286 1594 1532 1696 magis
1559 1593 1797 1669 etiam
1839 1614 2009 1693 quae
2044 1587 2216 1668 sunt
2266 1586 2543 1670 tradita
2583 1593 3042 1699 antiquitus,
3074 1589 3282 1672 dic‘ta
3313 1621 3383 1672 ac

1109 1700 1305 1781 faita
1343 1700 1706 1808 praeclare
1739 1756 1763 1790 ‚
1843 1705 1921 1780 &
1988 1698 2198 1780 nosse
2238 1756 2261 1792 ‚
2343 1706 2424 1783 &
2467 1704 2734 1782 animo
2775 1702 3079 1809 semper
3117 1710 3385 1810 agitare

1107 1820 1499 1894 convenit.
1595 1816 1785 1915 Qae
1826 1809 2180 1917 profecto
2231 1812 2607 1918 nusquam
2661 1812 2881 1921 plura
2930 1821 3378 1923 majoraque,

1108 1947 1346 2029 quam
1409 1927 1491 2002 in
1564 1924 1845 2004 nostrae
1902 1925 2225 2003 civitatis
2302 1931 2836 2012 monumentis
2905 1931 3363 2033 reperientur.

1112 2042 1246 2113 An
1285 2032 1830 2115 fortitudinem
1859 2091 1883 2126 ,
1937 2035 2296 2136 justitiam
2333 2093 2355 2120 .
2420 2037 2666 2121 fidem
2714 2095 2737 2130 ‚
2801 2043 3371 2132 continentiam,

1111 2147 1676 2252 frugalitatem,
1737 2170 2230 2229 contemtum
2284 2147 2574 2231 doloris
2619 2179 2709 2232 ac
2760 2159 3036 2236 mortis
3065 2209 3089 2245 ,
3126 2157 3383 2235 melius

1117 2258 1247 2338 alii
1286 2258 1678 2340 docebunt
1705 2316 1730 2350 ,
1796 2287 2032 2368 quam
2057 2261 2410 2355 Fabricii,
2464 2267 2726 2350 Curii,
2764 2267 3099 2373 Reguli,
3161 2271 3382 2352 Decii.

1110 2373 1344 2452 Mutii
1384 2428 1407 2463 ‚
1470 2373 1749 2481 aliique
1787 2373 2380 2454 innumerabiles
2433 2375 2456 2455 ἒ
2525 2381 2932 2473 Quantum
2953 2385 3167 2460 enim
3186 2386 3382 2462 Grae-

1099 2485 1182 2561 ci
1219 2486 1621 2590 praeceptis
1661 2483 1963 2573 valent,
2018 2489 2360 2568 Romani
2386 2488 2643 2597 (quod
2679 2490 3061 2591 estmajus
3084 2506 3113 2591 )
3139 2522 3387 2583 exem-

1107 2593 1286 2700 plis.
1377 2601 1719 2677 Tantum
1745 2597 1964 2706 quod
1997 2627 2161 2680 non
2203 2606 2540 2706 cognatis
2565 2601 2933 2686 fideribus
2954 2606 3384 2699 admoneri3

1105 2710 1307 2810 quin
1350 2734 1510 2786 non
1553 2706 1804 2790 modo
1842 2713 2301 2816 proximum
2337 2736 2641 2820 tempus
2666 2772 2690 2802 ‚
2757 2715 3177 2828 lucemque
3217 2749 3383 2828 Ρη·

1103 2813 1407 2895 sentem
1443 2821 1773 2912 intueri,
1835 2821 2005 2900 satis
2048 2822 2314 2905 credat
2356 2862 2381 2906 .·
2444 2825 2574 2907 sed
2622 2855 2953 2917 omnem
3003 2834 3385 2939 posterita-

1103 2928 1207 3007 tis
1245 2933 1754 3023 memoriam,
1801 2933 2131 3039 spatium
2176 2940 2357 3020 vitae
2398 2938 2774 3026 honestae‚
2810 2949 2891 3024 ὃ(
2931 2945 3379 3028 curriculum

1105 3038 1345 3121 laudis
1384 3042 1797 3133 existimet.
1860 3050 2068 3126 Hinc
2103 3049 2303 3129 mihi
2342 3050 2468 3131 ille
2504 3051 2803 3151 justitiae
2832 3056 3144 3149 haustus
3163 3058 3385 3147 bibat,

1099 3151 1290 3233 hinc
1330 3153 1662 3237 sumtam
1700 3157 2174 3252 libertatem,
2198 3163 2279 3242 in
2317 3161 2551 3246 causis
2588 3186 2817 3275 atque
2857 3167 3193 3259 consiliis
3214 3199 3386 3278 prt-

1101 3262 1278 3343 stet.
1393 3272 1670 3375 Neque
1714 3274 1866 3351 erit
1915 3271 2297 3377 perfectus
2337 3297 2604 3359 orator
2637 3331 2662 3369 ,
2725 3278 2863 3360 mfi
2898 3284 3036 3390 qui
3077 3282 3387 3371 honest:

1096 3371 1367 3455 dicere
1409 3382 1489 3460 δι
1524 3380 1706 3460 sciet
1746 3389 1833 3464 Bc
1881 3382 2211 3465 audebit.

579 3642 582 3659 -
694 3611 897 3691 Cn,
944 3613 1058 3692 111,
1329 3601 1670 3708 JURIS
1710 3629 2028 3715 quoque
2064 3607 2310 3692 civilis
2361 3612 2771 3697 necessaria
2817 3618 2996 3701 huic
3053 3627 3248 3707 viro
3278 3625 3387 3706 sci-

567 3746 572 3751 ·
1046 3715 1311 3811 ,entia
1358 3714 1471 3794 est
1496 3769 1521 3806 ,
1583 3722 1665 3797 δε
1698 3745 2019 3799 morum
2074 3747 2163 3801 ac
2215 3723 2693 3832 religionum
2745 3732 2901 3831 ejus
2946 3737 3387 3841 reipublioe

1101 3845 1342 3928 quam
1388 3827 1735 3931 capesset.
1894 3832 2106 3911 Nam
2142 3836 2390 3942 qualis
2426 3838 2573 3921 effe
2624 3840 2876 3925 suasor
2927 3848 3010 3931 in
3056 3850 3387 3933 consu-25⁵

1094 3934 1424 4040 publicis
1456 3939 1870 4051 privatisve
1906 3949 2202 4051 poterit
2250 4002 2276 4037 ,
2337 3970 2460 4036 tot
2488 3980 2762 4041 rerum
2799 3958 3083 4067 quibus
3119 3968 3385 4074 1:qu-

3217 4098 3378 4188 pue
