3557 5113
844 239 1039 385 316
1414 233 1564 343 M.
1673 234 2043 340 FAB11
2202 229 3172 359 QiiNCTiLiANl

717 529 1096 630 §Amxlll
1145 520 1307 608 &um
1322 530 1494 629 jure
1512 523 1836 635 potuerit
1865 519 2173 601 occidere
2190 573 2214 610 ‚
2251 546 2303 596 a
2342 544 2479 630 quo
2510 515 2816 631 metuiffl’
2831 520 2919 626 st
2956 520 3135 598 dicat
3165 549 3237 598 ne
3268 520 3371 630 ipsi

1122 638 1461 752 pesterjuo·
1492 636 1917 719 occideretur
1935 642 1974 714 ἒ
2028 636 2193 711 Aut
2228 632 2403 739 ipsis
2436 628 2810 733 judicibus
2828 686 2852 720 ,
2890 653 2972 710 ut
3002 659 3138 738 pro
3168 633 3373 735 Oppio

1138 772 1416 831 monet
1455 749 1837 858 pluribus,
1886 774 1985 827 ne
2028 742 2222 825 illud
2271 743 2587 823 astionis
2622 770 2863 848 genus
2901 746 2979 822 in
3014 742 3371 849 equestrem

1138 861 1503 943 ordinem
1545 862 1987 941 admittants
2104 864 2726 961 'Nonnunquam
2782 880 3039 935 tamen
3081 852 3364 962 quaedam

1133 975 1333 1057 bene
1371 993 2026 1059 contemnuntur,
2066 969 2195 1053 vel
2235 992 2598 1075 tanquam
2627 966 2868 1058 levia,
2915 968 3033 1048 vel
3074 991 3367 1073 tanquam

1131 1085 1233 1167 ad
1278 1085 1582 1165 causam
1627 1084 1823 1164 nihil
1864 1083 2353 1188 pertinentia.
2456 1079 2727 1158 Multis
2783 1078 2937 1159 hoc
3003 1081 3180 1159 locis
3232 1078 3371 1153 facit
3460 1176 3461 1181 Ἰ

1131 1201 1432 1279 Cicero,
1531 1195 1680 1277 Sed
1721 1197 1886 1274 haec
1921 1192 2307 1274 simulatio
2345 1193 2662 1269 interim
2724 1190 3105 1299 hucusque
3159 1216 3369 1296 proce-
3460 1226 3461 1235 κ

1130 1308 1245 1388 dit
1272 1366 1294 1399 ,
1362 1331 1447 1389 ut
1500 1336 1672 1416 quae
1715 1305 2055 1387 dicendo
2115 1306 2444 1389 refutare
2507 1330 2666 1381 non
2721 1301 3107 1407 possumus
3145 1359 3167 1391 ‚
3216 1297 3363 1407 quali

1132 1419 1595 1503 fastidiendo
1658 1420 2065 1500 calcemus,
2193 1420 2588 1519 Qoniarn
2638 1442 2828 1495 vero
2891 1420 3214 1495 maxima
3245 1438 3364 1516 pars

1128 1560 1408 1616 eorum
1444 1531 1822 1613 slmilibus
1868 1528 2214 1617 constat,
2269 1524 2721 1606 rimandum
2774 1531 2924 1607 erit
2968 1519 3374 1635 diligennssi-

1127 1671 1258 1724 me
1291 1700 1313 1734 ‚
1379 1644 1568 1751 quid
1627 1640 1719 1723 fit
1783 1652 1870 1720 in
1922 1656 2232 1747 quoque
2288 1636 2507 1746 quod
2558 1637 3004 1730 affumitur,
3058 1635 3367 1718 diffimile.

1126 1754 1213 1836 ld
1267 1758 1544 1853 injure
1593 1753 1815 1860 facilc
1871 1748 2530 1860 deprehenditur:
2620 1750 2744 1830 Est
2785 1758 3007 1832 enim
3061 1751 3371 1855 scriptum

1125 1864 1229 1946 de,
1295 1868 1515 1945 rebus
1580 1869 1847 1971 utique
1903 1863 2217 1949 diversis
2260 1916 2288 1951 ‚
2366 1884 2736 1969 tantoque
2796 1870 3043 1972 magis
3105 1862 3378 1969 ipsarum

1120 2002 1383 2061 rerum
1435 1976 1869 2060 differentia
1922 1976 2173 2083 potest
2214 1971 2357 2053 effe
2416 1974 2838 2055 manifesta.
3017 1975 3177 2054 Illas
3230 1996 3375 2052 vero

1118 2085 1663 2171 similitudines
1708 2116 1882 2200 quae
1932 2089 2319 2168 ducuntur
2370 2114 2469 2166 ex
2517 2091 2752 2166 mutis
2787 2087 3253 2175 animalibus,
3278 2102 3375 2161 aut

1114 2202 1518 2292 inanimis,
1574 2201 1795 2280 facile
1838 2199 1948 2279 est
1996 2196 2330 2280 eludere.
2476 2200 2852 2303 Exempla
2912 2196 3373 2282 rerum‘varie
3460 2240 3461 2303 i

1117 2315 1509 2395 trastanda
1548 2312 1763 2406 sunt,
1822 2311 1877 2390 si
1920 2311 2337 2394 nocebunt.
2420 2335 2589 2417 quae
2625 2306 2682 2390 fi
2713 2334 2983 2393 vetera
3028 2330 3259 2398 erunt,
3292 2306 3375 2384 fa·
3460 2306 3461 2395 J

1117 2424 1382 2515 bulosa
1449 2424 1705 2506 dicere
1751 2424 2048 2503 licebit:
2108 2421 2262 2504 five
2319 2417 2599 2501 dubia:
2711 2428 3064 2504 maxime
3108 2416 3376 2531 quidem
3460 2414 3461 2429 ¹

1111 2535 1517 2617 dissimilia.
1678 2542 1952 2642 Neque
2025 2538 2237 2615 enim
2293 2532 2461 2614 fieri
2516 2535 2811 2644 potest,
2865 2561 2953 2619 ut
3010 2541 3213 2644 paria
3267 2529 3384 2609 sint

1116 2654 1384 2733 omnia
1421 2682 1436 2729 :
1507 2670 1591 2729 ut
1630 2648 1685 2730 s1
1723 2648 1992 2730 Nasica
2029 2646 2201 2756 post
2242 2646 2580 2732 occisum
2615 2651 3024 2734 Grachum
3067 2639 3383 2730 defenda-
3460 2705 3461 2708 a

1117 2786 1244 2840 tur
1302 2761 1671 2867 exemplo
1733 2761 1950 2841 Halae
1990 2816 2013 2850 ‚
2091 2788 2132 2840 a
2185 2787 2347 2867 quo
2396 2760 2672 2845 Melius
2728 2761 2839 2842 est.
2925 2759 3389 2845 interfectus:

1109 2873 1435 2952 Melium
1511 2875 1727 2978 regni
1792 2871 2318 2970 affestatorem
2376 2871 2651 2967 fuis1e5
2704 2902 2744 2953 a
2798 2872 3170 2956 Graccho
3218 2872 3393 2974 leges

1107 2983 1357 3064 modo
1396 2986 1585 3066 latas
1641 2983 1785 3063 esse
1823 2982 2267 3091 populares:
2356 2984 2640 3066 Halam
2693 2986 3161 3092 magistrum
3208 2981 3391 3088 equi·

1112 3120 1282 3176 tum
1317 3095 1568 3192 fuiss'e3
1679 3097 2033 3178 Naficam
2099 3099 2497 3201 privatum
2541 3096 2684 3178 effe
2739 3096 3072 3184 dicatur.
3171 3089 3387 3176 Side-

1108 3208 1436 3291 fecerint
1471 3212 1736 3289 omnia
1763 3266 1785 3301 2
1840 3233 2010 3290 turn
2055 3205 2480 3289 videndum
2538 3214 2684 3292 erit
2729 3238 2825 3289 an
2868 3211 3223 3292 obtineri
3254 3200 3395 3313 poi:

1107 3321 1239 3412 fit,
1301 3352 1400 3401 ne
1459 3320 1652 3400 illud
1694 3320 2014 3428 quidem
2053 3324 2255 3403 τεᾶε
2299 3319 2607 3402 fastum.
2702 3321 2942 3420 Qod
3000 3324 3103 3405 dc
3162 3344 3399 3399 exem-

1107 3432 1299 3540 plis,
1366 3434 1574 3512 idem
1636 3436 1874 3511 etiam
1929 3433 2026 3513 de
2067 3432 2415 3532 judicatis
2471 3432 3069 3530 observandum.
3191 3423 3405 3532 Qiod

1104 3569 1372 3631 autem
1427 3544 1685 3650 posui,
1747 3545 2072 3635 referre,
2130 3571 2292 3651 quo
2346 3544 2690 3655 quidque
2728 3547 2985 3654 inodo
3020 3542 3405 3627 accusator

1100 3656 1438 3747 dixerit,
1496 3657 1648 3736 huc
1679 3660 2054 3760 pertinet,
2121 3653 2295 3736 utfi
2352 3657 2463 3737 est
2496 3663 2753 3742 minus
2793 3647 3235 3742 efficaciter
3272 3655 3408 3739 elo-

1098 3792 1318 3852 cutus
1342 3825 1364 3859 ,
1401 3767 1557 3872 ipsa
1600 3772 1760 3868 ejus
1801 3770 2032 3852 verba
2067 3793 2503 3877 ponantur:
2561 3769 2619 3852 fi
2649 3774 2806 3851 acri
2846 3777 2929 3853 δ(
2965 3771 3409 3853 vehementi

1094 3881 1332 3970 fuerit,
1370 3879 1539 3966 usus
1586 3881 1985 3972 oratione,
2046 3881 2375 3964 eandem
2430 3909 2605 3964 rem
2652 3881 2937 3968 nostris
2978 3885 3242 3966 verbis
3279 3885 3410 3959 mi«

1084 3991 1420 4100 ,rioribus-
1450 3992 1979 4107 proferamus:
2035 4015 2121 4080 ut
2180 3999 2457 4084 Cicero
2504 4022 2658 4110 pro
2706 3996 3178 4096 corneum
3225 3992 3413 4076 Codi-
3460 4049 3461 4052 κ

2584 4139 2590 4145 ’
3254 4133 3397 4192 (ί.
