3557 5113
338 203 578 367 De
634 198 1075 412 mstit.
1148 202 1859 406 omma,
1912 199 2211 365 Lib..
2241 206 2343 365 1.
2609 210 2797 360 123·

226 521 575 614 dividatur
597 590 619 624 ,
665 532 864 615 redte
908 529 1283 645 loquendi
1329 531 1761 626 scientiam,
1817 540 1898 618 ὅ(
1944 562 2356 646 poetarum
2407 568 2486 624 e·
2508 585 2577 665 C
2600 605 2644 659 A
2673 612 2711 661 ι,
2767 587 2906 668 IV

226 648 755 743 narrationem3
834 648 1006 755 plus
1062 648 1293 728 habet
1348 651 1429 727 in
1490 646 1776 728 recess'u
1805 703 1831 738 ‚
1918 677 2174 758 quam*
2223 655 2488 736 fronte
2718 644 2736 665 ⁹
2875 641 2901 675 ”

224 762 597 862 promittit.
696 766 904 838 Nam
945 766 1024 840 ὅ(
1066 758 1439 840 scribendi
1477 762 1677 843 ratio
1717 764 2123 865 conjunsta
2163 794 2344 847 cum
2366 767 2484 848 lo-

226 870 500 975 quendo
529 870 655 950 -est
677 927 699 961 ,
757 877 834 951 ὅ(
892 875 1458 953 enarrationem
1497 870 1861 980 praecedit
1903 875 2311 959 emendata
2370 879 2482 961 le-

223 984 403 1062 ffio:
484 988 566 1063 δ(
622 982 940 1062 mistum
976 984 1118 1073 ¹his
1179 985 1540 1065 omnibus
1611 983 1987 1086 judicium
2040 987 2211 1067 est:
2316 1018 2494 1099 quo

223 1095 505 1201 quidem
569 1097 673 1173 ita
718 1095 972 1177 severe
1035 1095 1205 1176 sunt
1265 1094 1374 1176 usi
1435 1118 1734 1177 veteres
1793 1102 2283 1204 grammatici
2303 1158 2325 1195 ‚
2391 1124 2481 1184 ut

225 1233 358 1286 non
404 1205 658 1288 versus
703 1205 950 1287 modo
988 1206 1348 1307 'censoria
1405 1207 1743 1316 quadarn
1800 1210 2098 1318 virgula
2159 1196 2480 1305 notare;

222 1319 530 1399 &libros
568 1322 706 1425 qui
747 1317 936 1398 falso
977 1318 1421 1401 viderentur
1459 1318 1844 1426 inseripti,
1888 1343 2256 1429 tanquam
2312 1324 2480 1405 sub-

226 1427 483 1531 dititios
534 1428 1032 1512 summovere
1075 1430 1365 1511 familia
1401 1431 1890 1539 permiserint
1942 1430 2078 1513 fibi
2098 1465 2121 1527 3
2186 1431 2315 1514 sed
2350 1450 2486 1531 au÷
2591 1513 2598 1521 ,

220 1539 441 1622 'diores
474 1544 658 1622 alios
694 1547 777 1620 in
818 1540 1179 1623 ordinem
1218 1541 1689 1651 redegerint,
1738 1542 1928 1623 alios
1970 1546 2302 1625 omnino
2349 1574 2482 1626 ex-

224 1658 510 1733 emerint
541 1681 901 1735 numero.
970 1661 1137 1733 Nec
1176 1676 1465 1761 poetas‘
1499 1654 1755 1760 legisse
1805 1652 1977 1734 satis
2037 1655 2165 1735 est.
2249 1685 2484 1737 excu-

221 1764 530 1846 tiendum
571 1790 815 1846 omne
873 1766 1341 1873 striptorum
1387 1793 1668 1872 genus:
1755 1793 1919 1844 non
1977 1788 2303 1875 propter
2359 1769 2478 1848 hi-

222 1873 444 1957 storias
482 1876 733 1957 modo
755 1933 777 1968 ‚
825 1875 951 1957 sed
990 1878 1266 1968 verba,
1322 1903 1493 1986 quae
1528 1877 1974 1986 frequenter
2028 1881 2144 1981 jus
2187 1879 2281 1960 ab
2336 1908 2474 1960 au·-

219 1987 513 2070 stoi-ibus
559 1988 890 2069 sumunt.
990 1994 1201 2071 Tum
1257 2017 1400 2072 nec
1457 1992 1648 2069 eitra
1700 1987 2041 2068 musicen
2084 1994 2478 2098 gramma-I

212 2102 341 2180 tice
375 2102 621 2207 potest
659 2098 806 2181 esse
839 2101 1218 2208 perfeffila,
1281 2128 1463 2181 cum
1497 2104 1570 2180 e'i
1617 2098 1715 2181 de
1752 2104 2021 2180 metris
2054 2101 2474 2209 rhythmiss

210 2237 344 2319 que
400 2212 809 2295 dicendum
858 2211 967 2292 fit.
1081 2218 1249 2293 Nec
1301 2211 1365 2299 sl,
1417 2215 1804 2294 rationem
1857 2210 2198 2293 siderum
2251 2215 2273 2290 i
2275 2228 2472 2319 gnoss

213 2344 363 2414 rat,
430 2349 679 2429 poetas
756 2323 1175 2430 intelligat:
1241 2327 1435 2433 qui,
1490 2346 1576 2403 ut
1619 2323 1764 2402 alia
1805 2326 2164 2413 mittam,
2240 2327 2474 2404 toties

219 2455 380 2514 ortu
443 2436 852 2544 occasuque
949 2435 1346 2543 signorum
1417 2441 1498 2515 in
1570 2431 2043 2515 declarandis
2168 2456 2474 2541 tempo-

210 2546 395 2628 ribus
459 2573 799 2631 utuntur.
931 2555 1096 2629 Nec
1149 2553 1407 2656 ignara
1445 2546 1777 2657 physicae
1800 2603 1823 2638 ‚
1903 2558 2088 2628 cum'
2148 2568 2473 2654 propter

211 2658 547 2763 plurimos
607 2666 691 2741 in
782 2662 1140 2742 omnibus
1240 2660 1403 2742 fere
1505 2659 1969 2740 carminibus
2070 2657 2327 2750 locos,
2368 2687 2469 2741 ex

216 2774 441 2852 intima
525 2760 1057 2884 quaestionum‘
1138 2770 1601 2884 naturalium
1698 2770 2107 2852 subtilitate
2189 2776 2470 2876 repeti-

213 2903 311 2961 tos
332 2916 352 2977 3
466 2910 646 2967 tum
731 2875 857 2994 vel
896 2887 1267 2996 ‘propter'
1324 2884 1885 2991 Empedoclem
1964 2886 2047 2963 in
2126 2884 2461 2974 Graeei53

211 2996 606 3078 Varronem
673 3024 758 3078 ac
818 2999 1276 3079 Lucretium
1330 3001 1411 3076 in
1474 2998 1768 3077 Latinis
1792 3051 1814 3086 ,
1879 2998 2014 3103 qui
2078 3016 2462 3100 praecepta

210 3103 542 3211 sapientiae
608 3107 950 3192 versibus
1014 3106 1512 3190 tradiderunt.
1625 3106 2082 3213 Eloquentia
2144 3131 2461 3210 quoque

204 3241 338 3299 non
391 3222 770 3302 mediocri
835 3222 948 3301 est
1006 3249 1201 3329 opus
1238 3275 1262 3311 ‚
1343 3241 1430 3299 ut
1477 3217 1575 3298 de
1653 3241 2145 3323 unaquaque·
2189 3225 2461 3296 earum

205 3354 355 3434 quas
411 3333 1112 3417 demonstravimus
1166 3357 1430 3412 rerum
1453 3385 1477 3420 ‚
1551 3326 1756 3409 dicat
1816 3329 2131 3433 proprie
2192 3330 2271 3406 &
2324 3353 2453 3406 co-

212 3445 390 3542 piostz.
504 3453 698 3552 Qo
756 3451 1014 3526 minus
1074 3437 1246 3525 sunt
1306 3437 1602 3523 ferendi
1646 3441 1705 3531 ’ζ’
1734 3442 1869 3549 qui
1928 3439 2125 3519 hane
2199 3458 2458 3519 artem·

211 3575 281 3628 ut
321 3579 616 3639 tenuem
685 3586 774 3637 ac
852 3561 1189 3662 jejunam
1255 3554 1748 3636 cavillantur:
1840 3579 2011 3658 quae
2073 3546 2225 3630 ‘nisi
2284 3577 2456 3629 ora-

215 3671 366 3743 toris
408 3672 637 3751 futuri
704 3667 1213 3749 fundamenta
1288 3663 1621 3747 fideliter
1680 3666 1944 3766 jecerit
1980 3719 2002 3753 ,
2077 3661 2451 3770 quicquid

198 3771 799 3881 lizpcrstruxeris'‚·
837 3770 1193 3886 ‘'corruet:
1212 3859 1213 3862 ,
1260 3774 1680 3868 'necessaria
1719 3778 1977 3883 pueris
2017 3825 2041 3865 ,
2117 3773 2450 3878 jucunda

186 3886 500 3990 senibus3
553 3893 826 3975 dulcis
884 3890 1353 3972 secretorum
1404 3893 1668 3980 comes
1711 3922 1730 3969 τ
1803 3891 1881 3982 δε
1944 3884 2293 3996 quae³vel
2334 3882 2451 3963 soss

174 3998 237 4081 la
286 4013 490 4089 omni
545 4003 1010 4105 studiorum
1062 4025 1341 4113 genere
1399 4003 1584 4110 plus·
1633 4002 1863 4086 habet
1921 4002 2194 4109 operis·
2213 4015 2458 4194 qaam

1424 4120 1505 4200 D
2211 4134 2266 4194 Ο
2332 4130 2490 4202 enz-
