3557 5113
808 308 1000 433 ss9'4

695 580 826 658 CA
853 605 913 660 v.
971 582 1085 669 V„

1230 406 1237 413 ,
1365 271 2044 427 M.‘1?”4n11-
2137 288 3138 430 QuNe‘rthNt

1122 573 1339 686 quod
1396 567 1811 683 aliquando
1848 568 2254 655 confilium
2279 627 2301 663 ,
2365 576 2446 652 ὅ(
2496 599 2734 680 quam
2786 569 3087 682 oeculta
3127 568 3380 651 callidi-

1122 714 1256 769 tas.
1352 694 1714 794 Namque
1770 711 1861 763 ea
1924 682 2082 762 sola
2141 688 2219 762 in
2260 683 2413 763 hoc
2479 711 2596 763 ars
2645 685 2756 764 est
2783 701 2840 775 .‚‘
2878 711 3046 792 quae
3093 680 3383 787 intelligi

1122 799 1262 882 nist
1321 800 1415 878 ab
1470 795 1762 903 artifice
1820 823 1984 875 non
2020 790 2268 900 possit.
2369 801 2675 899 Qanta
2711 789 3069 902 deinceps
3108 799 3185 874 in
3223 793 3385 873 divi-

1121 910 1384 992 dendo
1420 907 1867 1016 prudentia,
1926 932 2164 1013 quam
2218 905 2502 986 subtilis
2562 914 2640 987 ὅ(
2702 906 2969 988 crebra
3018 931 3383 1013 argumen-

1124 1028 1357 1105 tatio:
1449 1021 1723 1130 quibus
1762 1017 2049 1098 viribus
2088 1017 2445 1123 inspiret,
2511 1043 2661 1125 qua
2720 1016 3189 1119 jucunditate
3244 1042 3389 1121 per-

1118 1135 1499 1223 mulceat:
1572 1150 1856 1238 quanta
1903 1132 1987 1206 in
2021 1124 2446 1208 maledistis
2491 1130 2895 1236 asperita5‚
2963 1134 3044 1207 in
3082 1129 3254 1229 jocis
3289 1155 3392 1204 ur-

1120 1249 1439 1329 banitas.
1531 1267 1617 1349 ut
1657 1238 1992 1348 denique
2059 1238 2510 1340 dominetur
2562 1245 2643 1321 in
2686 1238 3123 1330 affitibus,
3198 1262 3393 1342 atque

1122 1365 1202 1445 in
1255 1358 1568 1465 pestora
1629 1357 2050 1465 irrumpat,
2103 1355 2608 1459 animumque
2671 1350 3030 1455 judicum
3101 1348 3393 1429 sunilem

1119 1475 1210 1574 ijs
1265 1498 1436 1578 quae
1488 1466 1675 1546 dicit
1710 1523 1732 1548 ‚
1801 1462 2106 1542 efficiat.
2201 1465 2409 1542 Tum
2471 1466 2552 1541 in
2608 1462 2912 1543 ratione
2964 1458 3390 1569 eloquendi,

1118 1581 1337 1690 quod
1408 1579 1737 1659 verbum
1804 1576 2214 1679 proprium
2249 1629 2272 1662 ,
2345 1576 2712 1654 ornatum
2755 1630 2779 1664 ‚
2848 1573 3228 1654 sublime:
3290 1569 3394 1647 ubi

1118 1691 1622 1800 amplificatio
1661 1682 2085 1774 laudanda,
2141 1711 2310 1791 qua:
2377 1692 2621 1770 virtus„
2661 1690 2731 1766 ei
2767 1690 3188 1765 contraria:
3242 1676 3400 1789 quid

1114 1800 1445 1910 Ipeeiose
1498 1794 1992 1884 transsatum,
2039 1822 2212 1905 quae
2254 1795 2501 1901 figura
2552 1799 2985 1880 verborum
3013 1853 3035 1887 ‚
3107 1822 3267 1904 quae
3316 1791 3402 1867 Ie-

1114 1919 1233 1997 nis
1285 1920 1365 1995 ὅ(
1406 1907 1774 2020 quadrata
1799 1963 1821 1997 ,
1866 1903 1994 1986 sed
2050 1907 2287 1989 virilis
2350 1929 2612 1988 tamen
2663 1907 3161 2016 compositio,
3302 1907 3405 1980 Ne

1115 2025 1201 2106 id
1242 2021 1564 2133 quidem
1605 2018 1876 2100 inutile
1900 2075 1922 2110 ‚
1970 2023 2205 2101 etiam
2263 2043 2664 2126 corruptas
2714 2019 3145 2129 aliquando
3192 2022 3264 2096 &
3316 2016 3408 2091 vi·

1120 2137 1341 2218 tiosas
1412 2138 1801 2215 orationes
1836 2187 1859 2221 ,
1934 2157 2118 2237 quas
2193 2151 2455 2211 tamen
2528 2130 2889 2239 plerique
2973 2130 3409 2238 judiciorum

1117 2252 1495 2357 pravitate
1580 2248 2009 2332 mirantur,
2077 2240 2232 2346 legi
2295 2242 2551 2347 palam
2610 2247 2920 2349 pueris»,
2971 2239 3410 2345 ‚ostendique

1113 2367 1199 2443 in
1257 2362 1377 2441 his
1420 2384 1659 2467 quam
1696 2353 1945 2435 multa
1979 2357 2451 2460 impropria,
2507 2350 2873 2446 obscura,
2934 2351 3411 2441 tumida‚hu-

1115 2473 1381 2564 milia,
1441 2465 1781 2558 sordida,
1830 2462 2145 2555 lasciva,
2225 2462 2695 2547 effoeminata
2757 2466 2961 2555 sint:
3056 2492 3225 2577 quae
3280 2485 3418 2542 non

1115 2584 1526 2667 laudantur
1581 2577 1827 2666 modo
1895 2605 1939 2657 a
1996 2576 2374 2685 plerisque
2396 2634 2418 2668 ‚
2492 2575 2620 2657 sed
2680 2588 2709 2674 (
2727 2578 2968 2689 quod·
3012 2582 3225 2686 peius
3287 2573 3413 2666 est)

1118 2720 1445 2804 propter
1481 2694 1632 2773 hoc
1670 2690 1923 2802 ipsum
1965 2687 2181 2797 quod
2227 2688 2399 2769 sunt
2428 2717 2663 2796 prava
2685 2746 2707 2780 ,
2750 2690 3204 2773 laudantur.
3241 2694 3424 2767 Nam

1116 2808 1375 2892 sermo
1429 2805 1714 2894 teitus,
1777 2808 1856 2883 &
1903 2796 2326 2882 secundum
2373 2803 2730 2882 naturam
2789 2807 3295 2890 enunciatus,
3328 2798 3423 2875 ni-

1112 2909 1234 3000 hil
1283 2909 1575 3022 'habere
1618 2944 1719 2995 ex
1775 2915 2092 3020 ingenio
2133 2909 2479 2993 videtur:
2547 2913 2679 2993 illa
2718 2942 2926 2996 vero
2955 2943 3140 3025 quae
3184 2935 3430 2994 utcun-

1120 3058 1277 3140 que
1328 3028 1629 3111 deflexa
1690 3024 1865 3104 sunt
1897 3079 1921 3114 ‚
1989 3045 2360 3131 tanquam
2421 3024 2933 3133 exquisitiora
3011 3029 3430 3108 miramur:

1083 3243 1087 3248 ,
1119 3170 1285 3226 non
1338 3142 1562 3221 aliter
1616 3164 1855 3246 quam
1911 3132 2316 3236 distorti3‚‚
2355 3140 2436 3217 δε
2477 3164 2968 3247 quocunque
3008 3138 3262 3220 modo
3281 3160 3439 3243 pro-

1120 3253 1428 3362 digiofis
1490 3249 1944 3356 corporibus
1995 3245 2199 3353 apud
2256 3245 2630 3355 quosdam
2707 3277 2980 3351 majus
3053 3251 3167 3333 est
3220 3248 3446 3355 preti-

1124 3394 1304 3456 um,
1368 3390 1606 3471 quam
1660 3364 1749 3464 ijs
1809 3385 1979 3467 quae
2019 3357 2237 3437 'nihil
2283 3389 2382 3439 ex
2434 3355 2887 3441 communis
2950 3363 3262 3444 habitus
3316 3357 3446 3436 bo·

1001 3487 1006 3491 ’
1125 3482 1243 3558 nis
1295 3472 1841 3583 perdiderunt:
1909 3490 2138 3576 atque
2191 3472 2427 3550 etiam
2496 3476 2632 3579 qui
2672 3469 2940 3579 specie
2999 3478 3449 3583 capiuntur,

1112 3587 1349 3682 ‚vulfis
1371 3642 1396 3678 ,
1449 3581 1921 3691 laevatisque,
1979 3585 2062 3664 &
2101 3582 2380 3664 inustas
2419 3611 2682 3664 eomas
2723 3613 2873 3666 acu
2929 3586 3454 3668 comentibus·

1121 3705 1206 3782 ὅ(
1253 3727 1416 3780 non
1467 3695 1606 3775 suo
1662 3694 1929 3773 colore
1977 3693 2239 3776 nitidis
2260 3750 2284 3787 ‚
2345 3695 2519 3802 plus
2580 3694 2724 3776 effe
2773 3696 3088 3780 formae
3145 3719 3453 3805 putant,

1122 3838 1362 3920 quam
1404 3799 1633 3916 poffit
1683 3807 2019 3885 tribuere
2072 3809 2520 3916 incorrupta
2556 3809 2877 3890 natura:
2973 3833 3083 3892 ut
3121 3808 3459 3919 pulchri-

1116 3920 1318 4005 tudo
1351 3923 1700 4026 eorporis
1737 3921 2007 4000 venire
2044 3918 2391 4000 videatur
2423 3951 2522 4002 ex
2561 3919 2781 4000 malis
2827 3925 3246 4005 moribus,
3305 3928 3458 4001 Nec

1125 4034 1378 4121 solum
1426 4032 1588 4118 haec
1650 4029 1807 4142 ipse
1849 4029 2164 4148 debebit
2211 4031 2490 4117 docere
2545 4056 3019 4150 praeeeptor
3038 4095 3076 4130 χ
3133 4035 3274 4117 sed
3330 4034 3466 4113 fte-

3137 4168 3474 4260 quenter
