3557 5113
297 242 489 417 De
518 239 971 454 Instit.
1027 244 1739 425 Oratoria,
1769 236 2073 409 Lib.
2102 246 2364 416 IV.
2594 266 2794 416 23}

233 598 420 660 tetum
452 574 732 658 ordine
762 572 1242 679 subjicimus;
1283 588 1395 659 De
1430 570 1542 658 his
1571 579 1978 690 cognostitk.
2044 602 2135 665 ut
2154 579 2255 666 ‘fit
2294 586 2457 671 haec
2483 595 2549 676 C
2571 617 2614 671 Α
2637 617 2702 678 ν.
2742 592 2876 683 IV.

229 695 675 770 commonitio
749 690 1018 793 judicis
1052 747 1075 782 ,
1137 718 1299 800 quo
1347 690 1422 771 se
1489 690 1589 771 ad
1635 697 2142 801 quaestionem
2211 704 2459 784 acrius

231 801 498 883 intendat
520 859 544 894 ,
603 805 682 882 ὅ(
709 800 1056 911 quodam
1089 803 1302 887 velut
1343 802 1546 884 tastu
1584 812 1995 899 excitatus,
2026 806 2271 890 finem
2310 813 2459 894 essb

229 918 655 1005 minationis,
712 917 1142 997 &initium
1190 916 1668 1024 probationis
1710 920 2129 1027 intelligat:
2196 925 2275 1003 &
2314 952 2460 1004 no-

226 1024 307 1105 bis
327 1025 976 1107 confirmationem
1020 1027 1627 1134 ingredientibus
1652 1086 1676 1121 ,
1734 1032 1889 1138 ipse
1938 1059 2254 1142 quoque
2314 1064 2459 1118 no·

229 1156 359 1219 vum
387 1136 969 1250 quodammodo
1019 1138 1383 1222 audiendi
1429 1140 1679 1223 sumat
1722 1143 2160 1225 exordium.

292 1504 305 1516 ⁶
380 1388 857 1477 PARTmo
914 1386 1026 1475 est
1051 1377 1499 1479 'nostrarum
1535 1378 1668 1481 aut
1714 1389 2121 1484 adversarii
2171 1428 2457 1510 propo-
2483 1410 2692 1493 Cn.
2718 1412 2824 1505 v:

219 1488 513 1586 finonum
534 1563 558 1599 ,
597 1532 729 1588 aut
765 1530 1272 1618 utrarumque
1304 1510 1581 1592 ordine
1625 1511 1905 1594 collata
1941 1519 2455 1597 enumeratio·

218 1611 343 1694 Hac
364 1617 662 1725 quidam
706 1618 1089 1702 utendum
1127 1621 1432 1729 semper
1462 1640 1777 1731 putant,
1840 1621 2058 1734 quod
2100 1624 2290 1706 ea&
2318 1624 2459 1708 fiat

216 1726 379 1807 musa
407 1729 774 1823 lucidior,
837 1734 919 1815 δε
963 1732 1197 1834 judex
1233 1739 1610 1818 intentior
1645 1764 1732 1817 ac
1777 1730 2167 1834 dociliorj,
2232 1728 2291 1818 fi
2322 1737 2456 1818 sci-

219 1840 333 1918 erit
364 1847 435 1928 ,δί
487 1836 586 1924 de
666 1871 829 1953 quo
883 1834 1256 1931 dicimus,
1340 1851 1419 1928 &
1472 1839 1574 1928 de
1625 1872 1788 1956 quo
1845 1847 2122 1929 difiuri
2194 1841 2459 1954 postea

210 1947 423 2033 sumus.
529 1956 823 2038 Rursus
896 1954 1220 2065 quidam
1389 1958 1809 2041 riculosum
1856 1959 1941 2041 id
1997 1962 2293 2041 oratori
2340 1987 2460 2040 ar-

212 2057 563 2160 bitrantur,
616 2066 911 2150 duabus
966 2090 1065 2149 ex
1108 2090 1197 2150 ca
1279 2094 1342 2151 is
1367 2120 1393 2161 ,
1458 2068 1673 2180 quod
1737 2092 2302 2180 nonnunquam
2375 2066 2459 2153 δὲ

209 2175 505 2259 excidere
552 2175 852 2263 soleant
900 2198 1071 2290 quae
1120 2178 1620 2290 promifimus
1640 2232 1665 2277 ,
1721 2188 1803 2264 δε
1857 2174 1915 2265 fi
1964 2201 2118 2292 qua
2159 2184 2241 2261 in
2281 2199 2456 2289 par-

207 2287 420 2370 tiendo
466 2289 1067 2398 praeterierimus·
1100 2342 1123 2377 ,
1176 2314 1644 2399 occurrere..
1698 2294 1939 2404 Qod
1966 2283 2288 2404 quidem
2324 2320 2458 2372 ne·
2584 2304 2585 2307 ‘

209 2404 358 2480 ruini
402 2404 736 2496 accidet,
789 2396 938 2486 nisi
965 2510 970 2514 .
998 2403 1133 2513 qui
1192 2403 1422 2512 plane
1480 2406 1607 2488 vel
1659 2405 1884 2487 nullo
1936 2405 2169 2487 fuerit
2242 2405 2460 2512 inge-.-

205 2514 338 2600 nio,
394 2512 516 2598 vel
566 2516 668 2600 ad
719 2512 1110 2627 agendum
1163 2518 1361 2599 nihil
1408 2521 1726 2627 cogitati
1787 2515 2459 2627 praemeditatique

205 2620 531 2710 detulerit.
619 2625 966 2741 Alioqui·
1012 2655 1184 2739 quae
1246 2653 1408 2712 tarn
1457 2631 1859 2712 manifesta
1913 2635 1992 2712 &
2029 2627 2283 2713 lucida
2339 2629 2455 2711 est

206 2756 267 2814 ut
299 2748 525 2824 oratio
549 2797 573 2835 ‚
616 2763 856 2852 quam
896 2741 1098 2823 recta
1153 2739 1514 2852 sequatur
1553 2746 1972 2852 partitione
2004 2741 2028 2822 ἔ
2096 2744 2458 2848 Sequitur

201 2850 368 2933 enim
424 2877 790 2938 naturam
835 2847 1118 2936 ducem
1151 2909 1180 2946 ‚
1234 2854 1430 2936 adeo
1481 2877 1569 2937 ut
1618 2858 2025 2936 memoriae
2088 2852 2172 2934 id
2215 2857 2457 2934 maxi-

204 2985 381 3043 mum
429 2965 519 3048 stt
572 2969 1000 3058 auxilium,
1062 2969 1186 3051 via
1234 2965 1546 3050 dicendi
1603 2995 1768 3050 non
1819 2964 2216 3048 decedere:⁴
2241 2962 2455 3071 Qa-

199 3098 466 3181 propter
512 3108 620 3162 ne
688 3079 869 3161 illos
923 3076 1245 3188 quidem
1287 3080 1788 3185 probaverim
1819 3125 1843 3169 ,
1915 3075 2051 3186 qui
2104 3079 2456 3185 partitio-

203 3208 345 3266 nem
384 3216 653 3275 vetant
709 3190 911 3273 ultra
955 3214 1108 3272 tres
1179 3185 1746 3298 propositiones
1798 3188 2239 3270 extendere«
2287 3207 2457 3294 quae

200 3292 320 3377 fine
355 3300 586 3387 dubio
631 3299 692 3386 si
740 3302 1078 3387 nimium
1132 3299 1224 3381 s1t
1264 3293 1726 3410 multiplex,
1785 3297 2029 3408 fiagiet
2076 3303 2456 3380 memori-

204 3431 304 3489 am
341 3414 596 3512 judicis
615 3473 644 3509 ‚
705 3423 786 3500 δε
842 3412 1178 3498 turbabit
1216 3414 1762 3497 intentionem<
1852 3413 2032 3495 Hoc
2056 3468 2081 3506 ‚
2133 3436 2262 3495 aut
2297 3411 2456 3494 alio

211 3536 413 3605 tamen
461 3557 816 3610 numero
864 3527 1076 3613 velut
1111 3528 1285 3635 lege
1364 3554 1529 3609 non
1609 3524 1721 3609 est
1763 3524 2189 3635 alliganda,
2268 3552 2454 3607 cum

209 3632 386 3734 possit
426 3640 654 3723 caussi
705 3642 962 3750 plures
1010 3636 1458 3722 defiderare.
1545 3641 1724 3724 Alia
1776 3638 1949 3722 sunt
1985 3642 2230 3747 magis
2265 3637 2454 3746 pro'a

205 3765 351 3848 pter
383 3777 532 3860 quae
610 3757 1036 3864 partitione
1087 3781 1251 3835 non
1307 3751 1610 3860 semper
1655 3751 1745 3834 fit
1805 3751 2205 3834 utendum.
2297 3750 2459 3832 Pri-

193 3881 411 3949 mum.
458 3870 654 3974 quia
706 3866 1074 3974 pleraque
1127 3868 1465 3975 gratiora
1513 3865 1732 3958 sunt,
1797 3864 1854 3946 fi
1897 3863 2209 3950 inventa
2233 3873 2239 3880 '
2264 3859 2457 3943 subi-

186 3985 290 4064 ω»
343 4005 479 4062 1³²0
507 3980 776 4064 domn
823 3979 1088 4075 allata,
1145 3976 1278 4064 1ὲά
1321 3982 1527 4060 inter
1569 3977 1996 4066 dicendum
2024 3985 2141 4064 sex
2175 3973 2329 4086 ipsa
2370 3979 2460 4053 re'

1435 4093 1520 4168 li
1581 4117 1622 4168 2
1824 4093 1827 4098 ’
2272 4105 2455 4166 nata
