3557 5113
293 210 523 377 De
550 206 997 419 Ιφψίί.
1077 211 1813 386 Gramma,
1845 211 2147 376 Lib.
2210 218 2313 377 I.

172 569 316 625 rum
348 484 693 650 pluribus
745 542 917 625 sane
977 539 1288 635 diebus,
1344 566 1725 669 quantum
1762 496 2112 629 notando
2164 550 2434 633 conse-

170 660 278 762 qui
307 677 761 762 potuerant,
805 661 1385 783 interceptum,
1413 657 1599 735 boni
1639 685 1994 756 juvene5‚
2033 658 2164 742 sed
2194 667 2428 743 nimi-

169 796 275 846 um
305 789 640 848 amantes
692 772 896 859 mei,
944 772 1361 851 temerario
1404 765 1762 849 editionis
1817 769 2120 851 honore
2164 774 2426 882 vulga-

166 902 415 987 verant.
511 883 830 977 Qare
810 907 893 958 in
925 882 1046 961 his
1083 908 1431 990 quoque
1436 879 1647 959 libris
1699 904 1926 961 erunt
1962 880 2240 963 eadem
2294 885 2428 964 ali-

164 1019 325 1100 qm,
376 988 627 1071 multa
674 1012 1023 1083 mutata,
1097 993 1447 1104 plurima
1492 990 1824 1093 adjecta,
1886 998 2152 1074 omnia
2236 1024 2428 1076 vero

164 1102 697 1211 compositiora,
716 1109 842 1193 δε,
865 1131 1103 1212 quam
1123 1132 1266 1184 nos
1286 1105 1763 1209 poterimus,
1787 1102 2192 1185 elaborata
2228 1113 2422 1187 Ora

166 1238 384 1297 torem
434 1239 697 1296 autem
760 1215 1226 1300 instituimus
1274 1212 1505 1294 illum
1556 1214 2027 1319 perfeetum,
2086 1219 2221 1324 qui
2277 1217 2423 1296 esse

164 1325 277 1407 nisi
326 1331 440 1410 vir
473 1329 722 1408 bonus
760 1356 925 1406 non
961 1328 1259 1435 potest:
1324 1324 1656 1432 ideoque
1697 1352 1862 1407 non
1901 1324 2207 1413 dicendi
2247 1356 2420 1408 mo-

164 1437 258 1517 do
313 1443 661 1518 eximiam
721 1441 803 1518 in
867 1467 965 1519 eo
1025 1441 1541 1526 facultatem,
1613 1434 1747 1516 sed
1826 1466 2102 1519 omnes
2182 1444 2425 1519 animi

167 1552 459 1633 virnxtes
504 1554 896 1657 exigimus.
965 1558 1243 1660 Neque
1293 1552 1509 1633 enim
1544 1549 1696 1629 hoc
1728 1549 2282 1639 concesserim,
2311 1578 2424 1628 ra-

171 1665 431 1743 tionem
476 1664 698 1742 restat
769 1661 1258 1771 honestaeque
1303 1663 1540 1750 vitae,
1600 1682 1685 1740 ut
1746 1658 2064 1767 quidam
2105 1683 2425 1768 putave

142 1798 412 1978 gi„
400 1772 496 1856 ad
532 1773 1039 1883 philosophos
1079 1756 1613 1879 relegandam.
1681 1798 1866 1851 cum
1911 1777 2032 1855 vir
2066 1771 2197 1853 ille
2243 1800 2422 1856 vere

469 1893 550 1969 δι
588 1887 1074 1994 publicarum
1130 1889 1758 2011 privatarumque
1795 1911 2062 1965 rerum
2101 1883 2428 1965 admini-

164 1997 467 2079 strationi
522 1997 1201 2089 accommodatus,
1283 2001 1421 2105 qui
1470 2023 1743 2101 regere
1781 1994 2110 2078 consiliis
2150 1998 2425 2087 urbes,

161 2106 442 2191 fimdare
479 2108 827 2217 legibus,
868 2109 1295 2191 emendare
1320 2104 1617 2211 judiciis
1671 2105 1953 2214 possit,
2009 2137 2177 2190 non
2233 2106 2424 2188 311115

159 2217 237 2300 fit
270 2222 608 2328 profecto
645 2249 886 2330 quam
940 2247 1228 2304 orator.
1342 2225 1600 2326 Qare
1661 2218 1960 2302 tametsi
2001 2248 2133 2302 me
2173 2219 2426 2302 fateor

159 2330 457 2414 usurum
510 2332 962 2460 quibusdam
998 2362 1169 2445 quae
1207 2330 1857 2440 philosophorum
1907 2332 2120 2413 libris
2155 2336 2426 2415 conti-

162 2465 448 2536 nentur,
469 2468 714 2528 tamen
758 2473 849 2525 ea
886 2448 1053 2549 jure
1086 2469 1431 2553 vereque
1472 2441 2015 2546 contenderim
2056 2442 2202 2524 esse
2243 2472 2430 2551 ope

159 2561 252 2637 ris
282 2556 531 2649 nostri,
571 2562 1044 2667 proprieque
1085 2556 1183 2640 ad
1227 2578 1477 2639 artem
1522 2559 1947 2640 oratoriam
2010 2562 2424 2664 pertinere.

162 2672 271 2750 An
299 2668 357 2752 fi
410 2666 1015 2781 stequentiffime
1077 2669 1177 2752 de
1231 2670 1561 2772 justitia,
1621 2668 2143 2768 fortitudine,
2229 2693 2425 2752 tem-

164 2913 242 2971 11(
268 2896 382 2976 vix
401 2775 877 3002 ullacaedoegit
877 2780 1290 2976 ugafflg
1275 2778 2180 3015 petrffifldlffistgffimxmfc
2172 2779 2428 3002 11111ξὲ3

164 3003 435 3110 quaeffio
476 3036 579 3089 ex
618 3008 737 3088 his
757 3006 1090 3096 incidat,
1120 3034 1364 3116 eaque
1403 3011 1672 3089 omnia
1708 3011 2158 3089 inventione
2193 3025 2426 3113 atque

167 3113 562 3204 elocutione
614 3117 760 3204 smt
811 3113 1333 3225 explicanda,
1395 3097 1913 3212 dubitabitur,
1923 3121 2427 3224 ubicunque

175 3435 590 3556 apertiffime
657 3349 1005 3562 colligit,
1085 3435 1773 3564 quemadmodum
1815 3453 2074 3558 juncta
2116 3477 2432 3547 natura,

181 3556 533 3670 (tonino
585 3592 909 3678 quoque
947 3567 1354 3675 copulata,
1372 3649 1377 3660 ,
1436 3588 1524 3666 ut
1589 3564 1829 3648 iidem
1893 3566 2264 3673 sapientes
2325 3588 2435 3645 at-

183 3697 305 3778 qoe
345 3678 799 3790 eloquentes
826 3679 1345 3776 haberentur·
1452 3671 1671 3760 scidit
1732 3675 2013 3768 deinde
2076 3679 2176 3760 se
2207 3675 2448 3761 studi

154 3784 1804 4015 ffmm„fflsstfffissstssngzffi
1844 3789 2448 4010 {2332}ssss

152 4007 289 4104 stu
318 4016 929 4128 institutumque
972 4017 1437 4218 eloquent?
1476 4019 1698 4128 bonit
1738 4015 1945 4102 male
1982 4020 2143 4109 uti,
2183 4037 2451 4096 curam

1450 4157 1486 4238 3
2275 4147 2458 4205 mo-
