3557 5113
761 276 1011 392 400
1375 237 1552 364 M„
1651 235 2026 364 FAntt
2132 223 3119 367 QiNcrxtxa'm

736 569 923 662 Gn,
979 573 1072 659 ῃ,
1104 548 1491 659 quaesunt
1548 545 1930 655 praesentis
2008 548 2387 654 temporis
2424 600 2447 637 ,
2510 541 2569 624 fi
2646 572 2810 625 non
2883 548 3360 651 argumentis.

1099 657 1274 773 quae
1322 660 1615 742 necesse
1677 659 1791 743 est
1842 656 2284 767 praeceffiffe
2330 715 2354 745 ‚
2432 655 2563 737 sed
2645 654 2889 738 oculis
2979 654 3366 765 deprehen-

1101 774 1358 858 denda
1390 774 1558 856 sunt
1597 829 1621 865 ,
1686 793 2137 879 non.egent
2191 772 2632 872 conjectura
2678 805 2703 849 .·
2770 792 2857 848 ut
2923 766 2979 848 fi
3025 768 3221 876 apud
3254 773 3368 850 La·

1108 886 1626 968 ccdaemonios
1665 905 2104 992 quaeratur3
2162 911 2262 964 an
2337 885 2664 963 Athenis
2724 883 2932 962 muri
2977 880 3185 962 fiant.
3249 880 3368 961 Sed

1104 1003 1186 1080 δε
1239 997 1434 1078 illud
1486 997 1738 1104 potest
1816 994 2064 1079 videri
2134 1018 2358 1075 extra
2402 999 2552 1076 hoc
2613 992 3100 1100 propositum
3155 998 3364 1088 conje-

1103 1110 1337 1190 &urae
1382 1136 1625 1216 genus
1656 1166 1679 1193 ‚
1746 1135 1931 1188 cum
1986 1105 2083 1187 de
2137 1106 2396 1214 aliquo
2437 1109 2758 1185 homine
2801 1110 3174 1212 quaeritur
3230 1108 3366 1214 quis

1102 1219 1194 1300 fit
1235 1251 1254 1300 :
1321 1243 1411 1301 ut
1467 1221 1579 1301 est
1632 1219 2034 1328 quaefitum
2091 1243 2359 1299 contra
2395 1219 2731 1300 Urbiniae
2782 1217 3173 1311 haeredc53
3224 1218 3269 1298 fi
3314 1222 3366 1296 is

1101 1335 1239 1440 qui
1293 1352 1667 1440 tanquam
1725 1331 1929 1413 filius
1983 1332 2292 1437 petebat
2348 1332 2552 1410 bona
2587 1383 2610 1420 ,
2682 1327 3062 1409 Clusmius
3107 1330 3364 1436 Figulus

1101 1440 1286 1524 esset
1326 1497 1351 1536 ‚
1405 1470 1504 1525 an
1554 1443 1987 1550 Sofipater:
2058 1471 2243 1522 nam
2303 1447 2380 1522 &
2459 1439 2856 1520 substantia
2924 1447 3087 1542 ejus
3160 1443 3366 1523 subo-

1098 1553 1318 1637 culos
1359 1560 1617 1645 venit,
1677 1578 1764 1635 ut
1826 1581 1987 1635 non
2034 1551 2269 1659 possit
2316 1557 2547 1662 quaeri
2588 1609 2610 1637 ,
2677 1580 2773 1631 an
2834 1550 2924 1632 fit
2995 1585 3014 1648 3
3083 1581 3366 1664 quomo·

1103 1664 1215 1746 do
1260 1723 1283 1752 ,
1338 1693 1437 1746 an
1484 1668 1681 1746 ultra
1733 1692 2118 1746 oceanum
2162 1696 2180 1744 t
2261 1693 2404 1746 nec
2436 1663 2623 1773 quid
2661 1663 2796 1752 fit,
2847 1692 2988 1744 nec
3034 1667 3248 1773 quale
3275 1664 3364 1752 fit,

1104 1775 1237 1857 sed
1288 1804 1389 1857 an
1426 1775 1612 1884 quid
1662 1776 1771 1857 fit.
1870 1783 2167 1858 Verum
2221 1776 2372 1856 hoc
2432 1802 2746 1885 quoque
2795 1802 3034 1881 genus
3094 1778 3236 1858 litis
3290 1802 3365 1855 ex

1097 1894 1490 1993 praeterito
1530 1886 1818 1995 pendet
1859 1920 1882 1982 3
1952 1915 2049 1978 an
2109 1888 2235 1967 hic
2279 1886 2372 1967 fit
2432 1917 2530 1968 ex
2580 1889 2893 1970 Urbinia
2952 1912 3176 1971 natus
3220 1888 3365 1970 Clu·

1100 1994 1330 2077 finius
1397 2000 1699 2107 Figulus
1751 1999 1776 2080 ἓ
1841 2004 2175 2080 Fuerunt
2232 2021 2494 2080 autem
2569 1999 2752 2080 tales
2824 2001 3066 2082 etiam
3133 1998 3359 2083 nostris

1102 2111 1584 2215 temporibus
1650 2108 2190 2194 controversia:
2247 2167 2272 2202 ‚
2361 2135 2594 2221 atque
2652 2111 2926 2220 aliquae
2993 2116 3080 2193 in
3141 2138 3362 2194 meum

1104 2246 1422 2330 quoque
1484 2226 2012 2329 patrocinium
2052 2221 2508 2304 inciderunt.
2632 2226 2905 2302 Animi
2968 2228 3383 2328 conjecturae

1095 2358 1259 2412 non
1290 2330 1518 2415 dubie
1561 2338 1638 2415 in
1678 2339 2341 2440 omniatempora
2379 2332 2619 2429 cadit;
2677 2339 2848 2439 Qua
2887 2359 3160 2418 mente
3182 2340 3373 2444 Liga-

1103 2449 1262 2524 rius
1306 2447 1387 2523 in
1407 2447 1668 2526 Africa
1703 2446 1934 2527 fuerit
1975 2480 1992 2526 :
2039 2450 2208 2545 Qa
2235 2469 2496 2524 mente
2519 2447 2845 2551 Pyrrhus
2882 2445 3137 2530 foedus
3175 2471 3371 2556 petat:

1095 2554 1528 2657 Qomodo
1569 2559 1857 2639 laturus
1902 2558 1992 2639 fit
2046 2555 2293 2639 Caessr
2336 2555 2392 2637 fi
2445 2558 2897 2639 Ptolemaeus
2940 2565 3375 2670 Pompeium

1103 2664 1495 2747 occiderit.
1562 2674 1953 2762 Quaeritur
2013 2695 2156 2775 per
2204 2670 2729 2768 conjecturam
2784 2676 2866 2750 ὃ(
2901 2680 3280 2780 quantitas
3312 2678 3378 2754 &

1105 2779 1431 2885 qualitas
1484 2781 1685 2860 circa
1727 2780 2105 2870 modum,
2162 2779 2491 2885 speciem
2533 2838 2554 2864 .
2621 2809 3035 2862 numerum
3087 2793 3270 2879 ;An
3288 2783 3376 2864 sol

1102 2893 1358 2987 major
1401 2917 1638 2997 quam
1690 2912 1910 2971 terra.
2047 2893 2270 2970 Luna
2328 2891 2642 2996 globosa
2693 2951 2715 2984 ,
2778 2919 2873 2972 an
2930 2896 3168 3000 plana
3222 2955 3244 2990 ‚
3300 2924 3377 2975 an

1094 3022 1338 3082 acuta.
1435 3006 1648 3084 Unus
1700 3000 2040 3083 mundus
2073 3058 2099 3086 ‚
2193 3029 2288 3080 an
2368 3003 2648 3107 plures.
2760 3009 3127 3114 Itemque
3196 3032 3375 3092 extra

1093 3110 1478 3192 naturales
1512 3112 1964 3221 quaestiones
2003 3146 2020 3194 ε
2092 3116 2343 3214 Majus
2381 3114 2678 3192 bellum
2728 3118 3175 3210 Troianum
3213 3177 3234 3214 ‚
3290 3147 3375 3199 an

1089 3223 1823 3329 Peloponnesiacum
1874 3256 1895 3305 ε
1951 3223 2215 3327 Qualis
2290 3223 2605 3332 clypeus
2661 3226 3040 3311 Achillis:
3151 3240 3277 3315 An
3308 3259 3383 3311 n-

1093 3358 1235 3413 nus
1269 3334 1657 3415 Hercules
1718 3342 1805 3416 In
1848 3339 1939 3416 iis
1981 3358 2242 3417 autem
2294 3363 2465 3444 quae
2506 3336 2980 3420 accusatione
3024 3371 3122 3424 ac
3150 3345 3385 3426 defen·

1096 3441 1307 3525 fione
1371 3445 1720 3525 constant
1756 3503 1781 3531 ,
1848 3475 2092 3527 unum
2170 3446 2280 3528 est
2345 3474 2589 3556 genus
2652 3452 2734 3530 in
2805 3476 2967 3558 quo
3023 3461 3390 3564 quaeritur

925 3610 928 3613 -
1092 3559 1175 3634 &
1218 3554 1316 3635 de
1361 3556 1562 3636 facito
1588 3613 1610 3647 ‚
1663 3562 1744 3638 ὅ(
1799 3555 1899 3638 de
1968 3560 2299 3639 auctore.
2389 3558 2628 3664 Qod
2695 3564 3009 3643 interim
3071 3575 3388 3673 conjun-

1087 3666 1300 3745 &am
1342 3668 1848 3774 quaestionem
1920 3669 2143 3751 habet
2179 3727 2202 3761 ,
2266 3670 2349 3752 ὅτ
2406 3696 2825 3781 utrumque
2907 3682 3213 3781 pariter
3274 3710 3393 3761 ne·

1093 3800 1328 3883 gatur
1368 3813 1394 3855 .·
1450 3784 1773 3859 interim
1824 3779 2244 3886 separatam
2282 3838 2307 3873 ‚
2344 3810 2527 3865 cum
2568 3788 2647 3864 δε
2696 3783 2788 3865 fit
2839 3787 3139 3870 fanum
3164 3850 3189 3885 ‚
3230 3820 3393 3874 nec-

1085 3913 1196 3971 ne
1257 3920 1278 3984 3
1343 3891 1425 3969 ὅ(
1474 3888 1532 3969 fi
1586 3890 1685 3970 de
1748 3892 1953 3971 facto
1994 3894 2292 3974 constet
2330 3949 2354 3985 ‚
2408 3923 2451 3976 a
2494 3921 2655 4005 quo
2702 3898 2989 3978 fastum
3034 3901 3190 3995 fit,
3247 3932 3397 3985 am-

1085 3999 1405 4111 bigitur.
1493 4000 1755 4114 Ipsum
1802 4029 2117 4115 quoque
2150 4005 2446 4090 factum
2488 4008 2914 4120 aliquando
2955 4010 3397 4123 fimplicem

3006 4127 3363 4243 quaestio-
