3557 5113
778 172 1024 345 [70
1373 190 1525 300 M.
1618 198 2001 329 fanu
2133 197 3196 330 Qiuc'rrtxANr

716 490 903 591 ζΣΑν.
968 483 1105 572 X1.
1140 482 1331 569 tatio
1380 481 1642 566 transit
1712 488 1797 566 in
1851 511 2126 589 mores.
2222 485 2349 562 Ne
2391 480 2642 591 gestus
2699 481 3022 595 quidem
3068 483 3326 565 omnis
3360 503 3448 562 ac

1132 621 1400 679 motus
1453 624 1496 676 a
1552 595 1929 678 comoedis
1986 594 2361 703 petendus
2417 594 2545 675 est.
2693 603 3182 705 ‘Qanquam
3233 596 3446 674 enim

1135 733 1558 816 utrumque
1600 738 1879 789 eorum
1941 708 2037 788 ad
2074 706 2466 817 quendam
2523 707 2857 789 modum
2914 704 3265 816 praestare
3324 704 3450 786 de-

1136 822 1275 905 bet
1334 843 1601 914 orator
1641 855 1657 899 :
1736 822 2169 927 plurimum
2215 840 2478 898 tamen
2544 820 2784 901 aberit
2832 848 2874 900 a
2925 820 3271 908 scenico,
3310 842 3450 897 nec

1138 931 1411 1024 vultu,
1453 959 1594 1012 nec
1653 960 1890 1011 manu
1921 989 1944 1023 ,
2015 960 2159 1013 nec
2218 928 2786 1013 excursionibus
2839 935 3143 1013 nimius.
3239 936 3446 1009 Nam

1143 1042 1204 1124 si
1255 1073 1405 1153 qua
1457 1047 1536 1122 in
1592 1047 1710 1123 his
1784 1071 1902 1123 ars
1959 1045 2071 1124 est
2141 1041 2607 1134 dicentium,
2680 1069 2768 1125 ea
2827 1045 3079 1151 prima
3131 1039 3241 1120 est
3276 1098 3298 1131 ,
3357 1067 3450 1120 ne

1142 1182 1268 1236 ars
1324 1152 1467 1236 ess'e
1520 1154 1890 1238 videatur.
2052 1152 2290 1258 Qod
2338 1156 2448 1234 est
2498 1157 2734 1261 igitur
2793 1159 2872 1234 in
2928 1155 3045 1234 his
3112 1150 3451 1234 doctoris

1145 1265 1541 1346 officium?
1633 1267 1991 1373 Inprimis
2030 1272 2216 1348 vitia
2264 1262 2322 1344 fi
2374 1292 2525 1374 qua
2569 1266 2738 1348 sunt
2781 1269 2981 1358 oriS,
3040 1263 3448 1345 emendet:

1144 1401 1233 1458 ut
1291 1377 1630 1484 expressa
1682 1380 1829 1457 fint
1879 1380 2110 1458 verba
2148 1435 2170 1469 ,
2235 1399 2323 1456 ut
2395 1379 2538 1456 suis
2584 1404 2905 1488 quaeque
2953 1376 3192 1458 litera:
3249 1375 3452 1456 sonis

1141 1495 1677 1570 enuncientur.
1769 1488 2276 1594 Qarundam
2317 1493 2528 1569 enim
2585 1492 2712 1572 vel
2752 1489 3091 1571 exilitate
3126 1487 3260 1571 vel
3295 1490 3453 1597 pin-

1140 1601 1565 1712 guetudine
1602 1603 1842 1680 nimia
1905 1602 2382 1710 laboramusg
2463 1600 2827 1709 quasdam
2870 1600 3081 1684 velut
3115 1604 3451 1680 acriores

1203 1741 1424 1793 arum
1473 1712 1901 1803 efficimus,
1952 1717 2033 1792 &
2083 1712 2246 1814 alijs
2305 1738 2466 1791 non
2517 1712 3037 1803 dissimilibus,
3080 1710 3214 1792 sed
3245 1708 3454 1821 quasi

1142 1740 1670 1904 Eebetioribus
1732 1845 2287 1931 permutamus.
2379 1828 2690 1934 Qippe
2732 1832 2810 1907 ὅ(
2868 1857 2902 1933 ς
2951 1823 3244 1914 literae,
3308 1847 3454 1932 qua

1138 1935 1710 2015 Demosthenes
1777 1962 2093 2043 quoque
2155 1935 2535 2018 laboravit
2575 1993 2598 2028 ,
2667 1954 2719 2013 λ
2799 1933 3192 2016 succedit:
3272 1962 3453 2047 qua·

1142 2074 1327 2128 rum
1363 2053 1476 2128 vis
1514 2046 1625 2126 est
1662 2046 1867 2155 apud
1915 2075 2054 2126 nos
2105 2073 2417 2156 quoque
2455 2079 2472 2127 ε
2579 2054 2673 2127 Et
2707 2075 2891 2129 curn
2950 2077 2989 2127 c
3038 2073 3123 2127 ac
3192 2045 3455 2128 simili·

1144 2181 1270 2240 ter
1393 2186 1553 2238 non
1592 2159 2045 2249 valuerunt,
2104 2162 2184 2240 in
2234 2185 2267 2239 t
2313 2186 2399 2238 ac
2433 2160 2494 2239 d
2526 2158 3005 2241 molliuntur.
3101 2162 3233 2238 Ne
3299 2158 3456 2239 illas

1146 2185 1472 2381 quiffem
1533 2273 1734 2350 circa
1781 2304 1821 2350 s
1875 2270 2188 2350 literam
2251 2269 2558 2351 delicias
2609 2271 2737 2354 hic
2791 2270 3148 2377 magister
3211 2270 3454 2352 feret:

1148 2409 1297 2464 nec
1336 2382 1570 2466 verba
1620 2387 1701 2463 in
1736 2383 2075 2463 faucibus
2114 2385 2451 2490 patietur
2488 2380 2777 2474 audiri,
2841 2408 2985 2464 nec
3020 2383 3178 2463 oris
3217 2386 3463 2465 inani-

1149 2516 1308 2576 tate
1342 2493 1731 2576 resonare:
1826 2521 2006 2586 nec,
2062 2492 2278 2602 quod
2309 2498 2635 2576 minime
2675 2495 3010 2577 sermoni
3038 2521 3253 2605 puro
3289 2524 3462 2578 con-

1146 2612 1457 2702 ¹veniat,
1518 2606 1950 2714 fimplicem
2013 2606 2226 2689 vocis
2281 2630 2638 2688 naturam
2698 2608 3049 2717 pleniore
3105 2607 3460 2717 quodam

1145 2717 1345 2808 sono
1390 2720 1911 2799 circumlinire
1942 2772 1967 2810 ‚
2032 2714 2247 2826 quod
2292 2721 2543 2800 Graeci
2580 2715 3292 2820 καταπεπλασμένη
3345 2720 3454 2801 di·

1146 2851 1355 2912 cunt.
1443 2828 1544 2910 fic
1615 2828 2050 2938 appellatur
2102 2853 2369 2911 cantus
2421 2833 2782 2914 tibiarum
2824 2889 2847 2923 ,
2912 2856 3083 2940 quae
3131 2834 3462 2941 praeclu-

1144 2941 1243 3024 sis
1291 2943 1565 3052 quibus
1601 2939 2022 3023 clarescunt
2066 2942 2569 3025 foraminibus
2594 3000 2617 3037 ‚
2669 2945 2881 3024 resto
2935 2942 3189 3025 modo
3247 2953 3468 3028 exitu

1142 3059 1595 3166 'graviorem
1628 3053 1985 3161 spiritum
2022 3052 2377 3136 reddunt.
2493 3057 2812 3138 Curabit
2870 3060 3104 3137 etiarn
3172 3085 3283 3140 ne
3335 3086 3470 3139 ex·-

1154 3189 1427 3249 tremae
1463 3164 1766 3272 syllabae
1803 3164 2299 3258 intercidant,
2350 3190 2436 3248 ut
2494 3196 2635 3274 par
2675 3166 2812 3249 fibi
2870 3168 3129 3250 strmo
3163 3170 3319 3251 fit:
3389 3195 3476 3252 ut·

1136 3282 1453 3389 'quoties
1504 3275 2099 3359 exclamandum
2154 3283 2302 3361 erit
2332 3335 2356 3372 ,
2421 3278 2684 3361 lateris·
2738 3304 3060 3362 conatus
3103 3278 3203 3359 fit
3277 3281 3429 3363 ille
3453 3339 3477 3375 ,.

1150 3416 1319 3470 non
1366 3392 1669 3492 capitis:
1736 3411 1823 3470 ut
1872 3389 2124 3496 gestus
2179 3391 2277 3472 ad
2328 3416 2606 3474 vocem
2629 3447 2653 3485 ,
2714 3393 2974 3476 vultus
3013 3390 3109 3474 ad
3145 3393 3476 3499 gestum!

1149 3499 1817 3581 accommodetur.
1925 3499 2511 3585 Observandum
2574 3507 2723 3585 crit
2771 3509 3009 3586 etiam
3030 3563 3052 3597 ,
3106 3527 3202 3585 ut
3260 3506 3482 3587 reeta

1150 3611 1251 3693 fit
1295 3612 1520 3691 facies
1563 3610 1939 3693 dicentis:
2005 3640 2105 3693 ne
2153 3614 2359 3697 labra
2411 3615 3079 3727 distorqueamur:
3147 3643 3264 3697 ne
3330 3623 3479 3698 im·

1126 3722 1506 3805 ”modicus
1560 3725 1812 3806 hiatus
1853 3725 2134 3806 rictum
2166 3723 2581 3812 distendat:
2679 3756 2778 3810 ne
2820 3731 3124 3838 supinus
3161 3730 3480 3821 vultus„

1140 3861 1253 3946 pe
1288 3833 1563 3939 dejecti
1597 3842 1678 3916 in
1717 3859 2006 3923 terram
2045 3839 2299 3932 oculi,
2351 3868 2450 3922 ne
2491 3841 2846 3925 inclinata
2875 3839 3284 3924 utrolibet
3314 3872 3482 3924 cer--

1145 3948 1302 4050 yix.
1456 3954 1666 4033 Nam
1740 3948 1955 4032 frons
1994 3949 2342 4063 pluribus
2386 3953 2791 4064 generibus
2839 3957 3136 4068 peccat..
3282 3954 3486 4152 Vffi

3260 4094 3368 4150 m
3456 4118 3494 4132 ..
