3557 5113
228 269 457 433 De
500 263 935 478 Instit,
966 269 1690 448 oratoria,
1737 256 2434 431 Libvlll.
2524 287 2755 497 45³⁶

169 579 480 663 Vitanda
526 584 911 688 imprimis
945 582 1451 690 ambiguitas,
1511 609 1671 664 non
1723 583 1887 665 haec
1944 583 2194 666 ibium
2242 641 2264 678 ,
2329 585 2430 668 de
2496 581 2683 661 CA».
2719 581 2826 661 ΙΙ.

168 696 351 796 cujus
403 719 689 801 genere
743 694 958 801 supra
1014 694 1310 779 dictum
1365 695 1484 774 est⁴
1538 751 1562 786 ,
1654 718 1824 804 qua:
1862 702 2262 778 *incertum
2314 703 2429 779 ina

175 805 550 886 tellestum
609 804 792 884 facit
833 838 857 899 ;
937 828 1022 885 ut
1092 806 1520 888 Chremetem
1565 810 1828 889 audivi
1868 809 2240 922 percuffiffi
2300 827 2441 892 De-

168 946 371 997 meam
414 952 439 995 .·
506 915 633 996 sed
694 914 820 996 illa
882 944 1195 1026 quoque
1231 973 1251 1008 ,
1329 945 1501 1026 quae
1557 918 1849 1000 etiamfi
1911 922 2220 1001 turbare
2274 942 2460 1001 non·

166 1028 396 1135 potest
438 1028 728 1110 sensum
755 1083 778 1119 ,
844 1032 927 1107 in
969 1027 1181 1109 idem
1239 1051 1500 1109 tamen
1541 1033 1959 1112 verborum
2006 1036 2287 1113 vitium
2325 1035 2436 1111 in·-

163 1138 332 1219 cidit*
379 1173 398 1220 ε
462 1163 545 1220 ut
601 1138 653 1218 fi
706 1143 873 1247 quis
925 1139 1129 1221 dicat
1156 1197 1176 1230 ,
1241 1142 1478 1246 vistim
1531 1171 1580 1219 a
1627 1144 1701 1243 fe
1762 1141 2118 1245 hominem
2173 1138 2441 1225 libru'm

143 1251 563 1354 sc'ribentem.
725 1258 933 1331 Nam
1006 1251 1299 1332 etiamsi
1382 1253 1670 1331 librum
1738 1252 1833 1331 ab
1889 1255 2210 1334 homine
2272 1253 2442 1334 scri·

163 1360 228 1441 bi
268 1385 520 1469 pateat
575 1417 594 1446 ‚
693 1363 898 1441 male
966 1359 1229 1443 tamen
1302 1362 1842 1469 composuerat
1880 1421 1903 1449 ‚
1998 1364 2433 1472 feceratque

165 1476 635 1584 ambiguum,
690 1494 1070 1581 quantum
1115 1479 1199 1552 in
1240 1472 1407 1579 ipso
1440 1475 1609 1554 fui‘t.
1703 1475 1829 1554 Est
1870 1476 2108 1555 etiam
2150 1480 2229 1555 in
2265 1479 2430 1584 qui-

161 1584 455 1672 busdam
520 1587 738 1665 turba
783 1587 1129 1665 inanium
1182 1585 1603 1668 verborum
1644 1639 1669 1676 ,
1761 1592 1895 1694 qui
1944 1586 2130 1666 dum
2213 1612 2428 1667 com-

162 1725 462 1779 munem
513 1695 884 1804 loquendi
941 1722 1252 1776 morem
1292 1695 1802 1776 reformidant
1841 1752 1863 1788 ,
1919 1695 2127 1778 due'ti
2179 1698 2423 1805 specie

162 1814 410 1891 nitoris
437 1867 461 1895 ,
521 1812 1005 1889 circumeunt
1055 1810 1321 1887 omnia
1373 1807 1682 1914 copiosa
1726 1808 2196 1917 loquacitate
2251 1838 2423 1918 quae

160 1918 396 2001 dicere
446 1920 717 2004 volunt
762 1953 779 1999 z
843 1920 1086 2027 ipsam
1140 1917 1421 2000 deinde
1466 1919 1683 2000 illam
1741 1919 2017 2001 seriem
2054 1948 2236 2002 cum
2282 1922 2425 2002 alia

157 2029 359 2110 sunili
428 2035 824 2136 jungentes
861 2086 884 2122 ,
956 2028 1511 2137 miscentesque
1563 2085 1589 2121 ,
1680 2031 1881 2114 ultra
1935 2056 2177 2141 quam
2229 2033 2426 2115 ullus

155 2140 440 2246 spiritus
504 2143 781 2222 durare
833 2141 1063 2248 possit
1095 2198 1119 2234 ,
1205 2141 1654 2222 extendunt.
1772 2150 1855 2223 ln
1916 2147 2068 2225 hoc
2125 2142 2425 2234 malum

156 2260 364 2334 etiam
415 2284 459 2334 a
499 2252 952 2362 quibusdam
1004 2254 1389 2334 laboratur
1434 2284 1453 2331 ι
1515 2281 1764 2362 neque
1830 2253 1911 2333 id
1960 2285 2264 2338 -novum
2310 2259 2429 2338 vi-

87 2408 92 2413 ·
156 2369 331 2446 tium
398 2366 554 2456 est,
620 2393 808 2448 cum
846 2369 1002 2466 jam
1061 2361 1266 2471 apud
1320 2367 1590 2445 Titum
1641 2367 1957 2447 Livium
2005 2369 2420 2451 inveniam,

159 2475 348 2559 fuisse
413 2500 975 2585 praeceptotem
1032 2478 1405 2584 aliquem,
1443 2479 1573 2586 qui
1631 2475 2041 2585 discipulos
2077 2478 2426 2560 obscura-

152 2616 228 2668 re
294 2606 469 2691 quae
548 2589 896 2671 dicerent
932 2646 957 2674 ‚
1060 2589 1354 2691 juberet
1409 2643 1434 2680 ,
1517 2593 1795 2670 Graeco
1858 2591 2098 2674 verbo
2158 2613 2379 2671 utens
2398 2626 2425 2682 ‚-

152 2703 463 2785 carm».
554 2700 784 2786 Unde
851 2698 985 2781 illa
1045 2700 1328 2781 scilicet
1385 2704 1691 2807 egregia
1748 2702 2089 2783 laudatio
2129 2737 2151 2791 ,-
2206 2713 2425 2784 Tanto

152 2816 380 2895 melior
417 2852 441 2895 .·
513 2845 605 2895 ne
651 2843 770 2925 ego
818 2814 1109 2927 quidem
1160 2817 1496 2893 inteffexi.
1589 2814 1743 2891 Alii
1786 2808 2172 2899 Brevitatis
2198 2841 2429 2895 aemu-

149 2920 201 3002 li
231 2982 254 3009 ,
304 2925 712 3021 neceffiiria
762 2952 1072 3034 quoque
1116 2927 1453 3005 orationi
1485 2961 1490 2966 1
1520 2922 1970 3006 subtrahunt
2030 2927 2305 3011 verba.
2348 2930 2429 3005 &

147 3036 346 3118 velut
393 3039 567 3118 {atis
630 3034 724 3118 fit
775 3037 962 3118 scire
1017 3030 1218 3142 ipsos
1264 3061 1436 3145 quae
1490 3034 1748 3115 dicere
1800 3037 2035 3119 velint
2084 3093 2108 3128 ,
2186 3063 2430 3144 quan-

146 3167 305 3228 tum
355 3148 456 3231 ad
504 3150 698 3230 alios
750 3159 1175 3255 pertineat,
1239 3145 1431 3228 nihil
1475 3166 1767 3253 putant.
1883 3154 1992 3228 At
2038 3175 2191 3254 ego
2220 3153 2425 3226 otio-

143 3256 306 3340 sum
349 3260 798 3343 sermonem
839 3260 1172 3339 dixerim
1209 3315 1230 3344 ‚
1288 3286 1521 3367 quem
1574 3256 1884 3340 auditor
1925 3259 2057 3342 suo
2107 3263 2426 3366 ingenio

140 3369 524 3479 intelligit.
641 3368 979 3474 Qidam
1027 3374 1381 3450 emutatis
1431 3372 1512 3449 in
1547 3370 1997 3475 perversum
2026 3369 2287 3461 ditiis,
2326 3371 2424 3477 de

132 3479 396 3586 figuris
438 3484 652 3566 idern
696 3485 979 3566 vitium
1011 3482 1601 3590 consequuntur.
1668 3480 1989 3562 Pessima
2016 3509 2205 3563 vero
2248 3483 2419 3568 sunt

135 3586 546 3687 ἆδιανόηται,
611 3595 763 3675 hoc
806 3595 960 3686 est,
1025 3622 1197 3704 quae
1242 3594 1493 3675 verbis
1537 3615 1797 3699 aperta
1862 3593 2168 3674 occulto
2213 3595 2425 3679 sensu

121 3704 307 3786 fimt
349 3737 369 3786 ε
436 3729 559 3798 ut;
606 3707 996 3788 conductus
1039 3709 1131 3812 {st
1159 3706 1358 3786 καὶὸ
1373 3708 1578 3812 ficus
1621 3712 1826 3785 viam
1852 3709 2053 3809 stare
2091 3742 2115 3783 .·
2168 3712 2244 3787 &
2285 3713 2421 3816 qui

118 3817 301 3899 suos
352 3841 564 3899 artus
624 3818 886 3902 morsu
946 3817 1385 3909 lacerasset,
1455 3815 1771 3921 fingitur
1832 3822 1913 3897 in
1970 3816 2246 3910 stolis,
2285 3823 2415 3926 fi·

102 3957 252 4041 prae
280 3935 375 4039 st
430 3928 715 4037 cubaffl.
802 3929 1194 4034 Ingeniosa
1240 3929 1403 4009 haec
1445 3932 1525 4009 &
1564 3928 1795 4009 fortia
1827 3985 1852 4013 ‚
1925 3953 2009 4010 ut
2064 3958 2160 4034 ex
2216 3936 2423 4011 anci-

107 4046 255 4155 pici
317 4041 617 4155 ,ἀίξῃ-εει
670 4038 1081 4154 credantur
1099 4095 1128 4139 ,
1185 4038 1641 4239 peri-iciunlt.l
1712 4047 1822 4122 At
1879 4038 2206 4150 pervafit
2237 4045 2425 4232 dqui-

1469 4153 1544 4240 L
1698 4177 1737 4261 2
2290 4173 2425 4233 ern
