3557 5113
746 204 961 318 126
1217 322 1235 341 ,
1268 190 1301 291 ‘³'
1328 190 1485 305 M.·
1524 188 1844 347 21⁷}ss
1880 212 1973 348 1⁴1
2084 196 2463 350 [QPJ'N
2494 230 2555 306 c
2585 206 2796 303 r'x't.
2825 233 2856 305 1
2885 224 2958 307 -A
2985 230 3056 308 N
3087 232 3124 301 1

756 500 889 573 CA
922 525 988 577 ι».
1083 495 1189 572 cis
1222 548 1247 585 ,
1305 488 1642 598 affignat.
1740 487 1992 571 Multa
2057 486 2445 573 Critolaus
2494 511 2800 574 contra,
2856 488 3104 585 multa
3170 490 3384 573 Rho:

700 606 1005 693 XVII.
1081 605 1253 686 dius
1302 602 1904 715 Athenodorus
1978 594 2271 709 Agnou
2309 599 2641 712 ‘quidem
2695 603 3027 684 detraxit
3084 602 3219 684 fibi
3286 608 3385 684 in-

743 714 750 724 ’
1081 717 1513 824 scriptione.
1560 715 1715 823 ipsa
1768 713 2013 825 fidem
2057 772 2077 804 ,
2145 742 2293 823 qua
2361 716 2781 795 rhetorices
2840 718 3383 797 accusationem

1079 829 1454 940 professus
1507 828 1637 935 est.
1747 833 1966 937 Nam
2018 824 2114 905 de
2170 830 2546 933 Epicuro,
2614 831 2747 937 qui
2823 824 3254 935 disciplinas
3311 858 3384 908 o-

1084 971 1309 1024 mnes
1356 942 1549 1046 fugit
1570 988 1619 1041 ,2
1667 936 2193 1051 nihilmiror.
2292 942 2400 1020 Hi
2465 940 2871 1048 complura
2918 940 3227 1031 dicunt,
3267 940 3383 1020 sed

1087 1084 1190 1135 ex
1259 1058 1512 1162 paucis
1579 1052 1769 1161 locis
1823 1049 2065 1137 dusta.
2143 1056 2440 1159 ¹ltaque
2513 1052 3055 1159 potentissimis
3117 1082 3384 1133 eorum

1087 1170 1432 1248 breviter
1493 1192 1946 1255 occurram,
1998 1190 2097 1242 ne
2141 1165 2222 1243 in
2276 1163 2670 1247 infinitum
2725 1165 3042 1274 quaestio
3096 1165 3389 1248 evadat.

1085 1282 1345 1360 Prima
1375 1279 1493 1357 his
1531 1277 2104 1385 argumentatio
2141 1303 2239 1357 ex
2284 1281 2606 1360 materia
2649 1276 2777 1359 est.
2846 1282 3140 1360 Omnes
3186 1279 3388 1358 enim

1082 1413 1287 1473 artes
1315 1393 1526 1492 ajunt
1568 1389 1850 1471 habere
1897 1376 2347 1493 materiam3
2427 1387 2642 1496 quod
2703 1388 2812 1473 est
2854 1418 3178 1470 verum:
3232 1390 3384 1468 rhe-

1085 1509 1367 1587 torices
1412 1501 1713 1607 nullam
1761 1498 1908 1583 effe
1953 1503 2358 1609 propriam
2400 1533 2423 1596 ;
2515 1499 2728 1610 quod
2781 1501 2924 1583 effe
2989 1499 3267 1582 falsum
3315 1505 3383 1580 in

1082 1606 1576 1725 sequentibus
1656 1612 2023 1718 probabo.
2122 1612 2391 1694 Altera
2446 1613 2557 1692 est
2605 1612 3035 1706 calumnia,
3101 1614 3390 1694 nullam

1081 1751 1335 1808 artem
1377 1714 1574 1807 falsis
1613 1721 1945 1834 affentiri
1993 1723 2526 1829 opinionibus,
2592 1729 2768 1833 quia
2832 1724 3203 1805 constitui
3247 1725 3388 1805 fine

1073 1842 1597 1949 praeceptione
1618 1864 1820 1947 „non
1929 1834 2146 1928 ossit,
2214 1863 2385 1945 quae
2427 1835 2730 1944 semper
2781 1865 2961 1919 vera
3006 1835 3127 1918 fit:
3229 1839 3384 1918 rhe-

1076 1954 1384 2035 toricen
1454 1948 1792 2057 assentiri
1881 1945 2100 2031 alfis':
2168 1975 2332 2028 non
2393 1946 2537 2027 ess‘e
2587 1952 2823 2057 igitur
2870 1973 3138 2030 artem.
3243 1955 3393 2056 Ego

1074 2064 1524 2145 rhetoricen
1584 2088 2150 2168 nonnunquam
2207 2059 2465 2142 dicere
2512 2060 2687 2140 falia
2753 2090 2902 2169 pro
2958 2065 3155 2145 veris
3222 2089 3386 2141 con-

1075 2176 1411 2268 fitebor,
1466 2171 1597 2254 sed
1656 2201 1823 2255 non
1867 2173 2047 2254 ideo
2087 2175 2170 2254 in
2214 2171 2390 2254 falsa
2435 2199 2748 2283 quoque
2786 2176 3191 2279 opinione,
3220 2202 3392 2255 con-

1076 2287 1400 2391 cedam:
1442 2290 1650 2397 quia
1714 2285 1954 2391 longe
2001 2283 2388 2365 diversum
2433 2282 2543 2366 est
2577 2341 2600 2375 ,
2668 2281 2806 2393 ipfi
2868 2286 3059 2394 quid
3102 2285 3392 2376 videri,

1071 2406 1157 2483 &
1196 2423 1291 2480 -ut
1338 2400 1473 2513 filil
1508 2390 1897 2509 Videatur»
1957 2395 2291 2489 efficere.
2379 2423 2564 2478 nam
2631 2401 2709 2479 &
2773 2401 3211 2505 imperator
3266 2396 3388 2478 fal-

1074 2513 1171 2605 fis
1232 2516 1478 2608 utitur
1514 2510 1748 2619 fiepe:
1825 2531 1914 2590 ut
1937 2506 2387 2593 Hannibal,
2455 2537 2636 2591 cum
2685 2510 3008 2594 inclusus
3051 2541 3100 2594 a
3133 2510 3393 2602 fabio,

1076 2626 1481 2706 sarmentis
1538 2623 1854 2706 circum
1887 2649 2176 2708 cornua
2227 2620 2474 2703 boum
2514 2620 2865 2730 deligatis
2903 2624 3391 2734 incenfisque,

1078 2765 1221 2845 per
1276 2737 1593 2838 nociem
1635 2739 1719 2818 in
1752 2732 2109 2817 adversos
2167 2756 2479 2814 montes
2516 2762 2748 2841 agens
2804 2759 3161 2816 armenta
3187 2794 3211 2830 ‚
3247 2736 3392 2843 spe-

1080 2854 1290 2932 ciem
1350 2848 1552 2944 hosti
1602 2847 1952 2927 abeuntis
1995 2848 2395 2952 ,exercitus
2454 2842 2668 2925 dedit
2688 2878 2712 2942 3
2804 2844 2931 2927 sed
2985 2848 3223 2928 illum
3294 2848 3394 2928 fe·

1079 2960 1281 3042 fellit
1328 2991 1348 3039 ε
1446 2957 1605 3066 ipse
1668 2957 1860 3071 quid
1919 2955 2198 3072 verum
2251 2955 2429 3042 esset
2456 3012 2478 3048 ‚
2526 2985 2690 3039 non
2736 2961 3150 3065 ignoravit.
3237 2968 3395 3041 Nec

1081 3101 1277 3157 vero
1302 3069 1919 3182 Theopompus,
1961 3066 2600 3170 Lacedaemonius
2623 3127 2648 3157 ,
2702 3098 2888 3153 cum
2951 3096 3400 3181 permutato

1080 3212 1266 3288 curn
1294 3213 1563 3288 ‘uxore
1609 3183 1878 3265 habitu
1921 3209 1964 3290 e
2018 3180 2360 3276 custodia
2430 3204 2512 3263 ut
2570 3182 2853 3264 mulier
2909 3183 3149 3268 evafit
3183 3242 3209 3278 ‚
3266 3182 3403 3266 fal-

1079 3299 1242 3402 sam
1296 3295 1394 3378 de
1451 3293 1526 3378 se
1585 3299 2048 3402 opinionem
2107 3291 2375 3375 habuit
2391 3296 2454 3388 ,'
2518 3292 2648 3375 std
2709 3295 3141 3381 custodibus
3205 3326 3407 3405 prat-

1077 3412 1267 3516 bjuit.
1380 3403 1580 3487 Item
1633 3429 1906 3489 orator
1966 3433 2149 3489 cum
2201 3405 2410 3504 falso
2452 3410 2692 3489 utitur
2750 3437 2899 3516 pro
2961 3437 3147 3494 vero
3174 3466 3200 3501 ,
3265 3409 3402 3489 scit

1077 3519 1229 3603 effe
1279 3515 1590 3609 falsum,
1648 3547 1899 3627 eoque
1964 3517 2039 3602 se
2087 3545 2238 3626 pro
2295 3523 2487 3601 vero
2544 3523 2712 3602 uti:
2776 3549 2941 3602 non
3001 3551 3202 3630 ergo
3272 3521 3408 3602 fal-

1073 3613 1241 3716 sam
1299 3631 1532 3712 habet
1567 3629 1722 3740 ipse
1791 3635 2252 3738 opinionem
2290 3686 2314 3723 ‚
2396 3629 2527 3712 sed
2578 3630 2780 3714 fallit
2839 3634 3108 3717 alium.
3235 3642 3407 3718 Nec

1069 3747 1357 3844 Cicero
1402 3770 1587 3854 curn
1632 3740 1719 3824 ‚se
1791 3744 2142 3825 tenebras
2201 3740 2556 3848 offiidiffe
2605 3743 2985 3849 judicibus
3042 3750 3128 3828 in
3186 3747 3415 3830 caust

1071 3856 1415 3964 Cluentii
1480 3855 1850 3965 gloriatus
1914 3854 2025 3936 est
2056 3910 2084 3949 ,
2146 3853 2345 3936 nihil
2405 3854 2564 3962 ipse
2628 3856 2845 3942 vidit.
2995 3864 3092 3941 Et
3142 3864 3416 3968 pietur

1073 3996 1257 4072 eum
1295 3972 1375 4086 vi
1411 3972 1595 4088 artis
1649 3968 1796 4052 suae
1837 3967 2083 4062 efficit
2135 3988 2223 4049 ut
2275 3966 2632 4086 quaedam
2682 3973 3029 4056 eminere
3078 3974 3174 4056 in
3217 4001 3420 4084 ope-

3271 4114 3406 4178 re,
