3557 5113
797 262 1050 408 '254
1445 258 1590 362 M.
1687 251 2059 360 Fani:
2166 228 3125 388 ch'rit‘x'Am

722 552 914 636 Cu.
969 554 1067 637 V.
1144 547 1226 626 &
1270 542 1403 650 qui
1468 536 1754 622 fastum
1815 538 2111 648 putavit
2137 594 2158 628 ‚
2239 539 2520 639 justum
2579 542 2889 623 credere
2948 544 3213 650 potest-3
3262 548 3359 652 qui

718 670 724 677 '
1141 676 1273 738 tan
1332 678 1510 735 uam
1562 655 1761 756 justo
1809 679 1972 732 non
2030 654 2517 744 movebitur,
2585 655 2867 736 fastum
2918 658 3190 737 fortasse
3235 685 3358 738 non

1137 683 1425 850 credet.
1524 770 1632 850 Ut
1675 788 1887 846 certa
1922 786 2195 844 manus
2239 792 2400 845 uno
2456 763 2616 847 telo
2667 765 2893 875 poffit
2936 764 3071 849 effe
3105 792 3359 850 conten·

1146 901 1244 965 ta,
1272 882 1584 960 incertae
1615 875 1837 986 plura
1878 875 2299 983 spargenda
2340 871 2512 957 sunt
2534 933 2557 968 ,
2612 902 2699 963 ut
2734 879 2824 961 fit
2845 886 2921 961 &
2958 879 3246 961 fortunae
3273 879 3358 960 lo-

1140 1022 1294 1075 cuS.
1373 986 1697 1098 Egregie
1735 1017 1927 1071 vero
1985 993 2263 1068 Cicero
2324 1017 2473 1096 pro
2521 992 2820 1073 Milone
2843 1047 2866 1083 ,
2913 990 3358 1072 insidiatorem

1136 1107 1405 1215 primo
1455 1101 1825 1184 Clodium
1882 1099 2256 1180 ostendit:
2328 1124 2497 1181 tum
2560 1103 2775 1184 addit
2831 1131 2926 1183 ex
2975 1103 3361 1193 abundanti,

1139 1226 1364 1303 etiam
1380 1248 1407 1297 ι
1464 1217 1551 1296 id
1602 1242 1743 1294 non
1761 1208 2009 1321 ficqffl’t
2035 1270 2056 1296 ‚
2109 1215 2328 1292 talem
2397 1240 2637 1296 tamen
2687 1225 2916 1297 civem
2967 1244 3115 1296 cum
3126 1218 3364 1321 summa

1140 1342 1414 1417 virtute
1475 1329 1935 1434 interftfloris
1991 1323 2081 1418 ά
2130 1327 2374 1436 gloria
2430 1337 2673 1408 necari
2699 1322 3006 1456 potuff.
3148 1334 3363 1434 Neque

1141 1445 1373 1528 illum
1440 1462 1707 1521 tamen
1763 1436 2125 1517 ordinem
2158 1492 2180 1529 ‚
2238 1437 2335 1517 de
2388 1462 2549 1547 quo
2594 1466 2810 1546 pr1us
2866 1440 3067 1530 dixi,
3115 1431 3362 1518 damna-

1142 1559 1452 1641 verim:
1550 1556 1729 1660 quia
1784 1547 2141 1658 quaedam
2188 1551 2484 1630 etiamsi
2542 1553 2698 1658 ipsa
2751 1553 2921 1632 sunt
2977 1550 3175 1642 dura,
3214 1544 3365 1628 inid

1141 1693 1409 1752 tamen
1468 1664 1767 1751 valent,
1820 1683 1908 1740 ut
1944 1689 2031 1740 ea
2086 1659 2451 1741 molliant
2504 1686 2675 1772 quae
2724 1664 3145 1774 sequuntur.
3238 1662 3364 1740 Nec

1139 1783 1473 1865 omnino
1500 1775 1656 1855 fine
1700 1777 1999 1852 ratione
2037 1773 2147 1852 est
2185 1772 2396 1882 quod
2430 1777 2673 1883 vulgo
2710 1776 3033 1871 dicitur;
3078 1778 3366 1879 Iniquum

1134 1888 1612 2004 petendum,
1666 1907 1751 1966 ut
1791 1911 2098 1993 aequum
2151 1886 2365 1965 feras.
2460 1887 2698 1988 Qod
2752 1914 3012 1969 tamen
3054 1912 3262 1967 nemo
3294 1879 3365 1961 sic

1136 2006 1512 2110 accipiat,
1575 2020 1661 2078 ut
1723 2002 1990 2078 omnia
2051 1995 2311 2077 credat
2367 1998 2839 2101 audendum.
2932 2001 3162 2081 Recte
3207 1997 3368 2075 enirn

1138 2116 1395 2200 Graeci
1433 2110 1931 2220 praecipiunt5
2001 2115 2190 2189 Non
2240 2109 2648 2204 tentanda,
2714 2140 2892 2222 quae
2950 2112 3145 2192 effici
3174 2107 3375 2189 omni-

1136 2259 1247 2313 no
1296 2250 1462 2308 non
1628 2217 1826 2302 ffint.
1920 2218 2068 2301 Sed
2135 2223 2438 2328 quoties
2494 2224 2679 2308 hac,
2744 2223 2846 2306 de
2907 2250 3055 2333 qua
3101 2220 3127 2302 1
3224 2244 3369 2306 uer,

1132 2334 1430 2448 duplici
1542 2330 1929 2415 efenfione
1979 2354 2295 2412 utemur
2340 2390 2362 2424 ,
2440 2332 2522 2415 id
2566 2334 3081 2435 laborandum
3127 2357 3167 2413 e
3242 2383 3264 2422 ,
3308 2346 3373 2407 ut
3454 2436 3455 2439 Ν

1139 2459 1224 2535 in
1274 2450 1493 2531 illam
1550 2469 1855 2553 partem
1934 2444 2381 2553 sequentem
2422 2443 2613 2527 fides
2663 2476 2761 2528 ex
2806 2453 3071 2555 priore
3098 2445 3374 2526 ducatur.
3454 2478 3455 2537 3

1129 2563 1387 2650 Potest
1444 2563 1660 2639 enim
1705 2556 1953 2641 videri
2002 2562 2140 2665 qui
2196 2578 2370 2638 tuto
2418 2562 2656 2640 etiam
2718 2561 3184 2662 confessurus
3228 2555 3375 2636 fuit,

1130 2671 1570 2762 mentiendi
1628 2667 1929 2751 causam
1971 2671 2052 2749 in
2103 2665 2463 2777 negando
2502 2700 2666 2752 non
2709 2672 3018 2754 habere.
3108 2673 3193 2751 Et
3230 2659 3377 2748 illud
3452 2765 3453 2768 Ἴ

1129 2795 1399 2898 utique
1428 2779 1869 2864 faciendum
1907 2781 2041 2873 est,
2080 2786 2183 2862 ut’
2203 2785 2511 2891 quoties
2537 2784 3089 2892 suspicabimur
3124 2812 3163 2863 a
3184 2777 3379 2883 judice
3452 2777 3453 2810 ³

999 2921 1028 2938 ·
1121 2899 1369 2984 'aliam
1424 2893 1973 3003 probationem
2029 2890 2437 2974 defiderari
2462 2950 2483 2985 ‚
2540 2923 2780 3004 quam
2833 2897 2935 2978 de
2992 2921 3138 3006 qua
3185 2890 3379 2998 loqui·

1132 3007 1315 3095 mur
1355 3067 1379 3101 ‚
1447 3009 1998 3114 promittamus
2046 3034 2191 3087 nos
2242 3003 2471 3113 plene
2521 3014 2601 3089 ὅ(
2655 3008 2917 3091 statim
2970 3009 3067 3091 de
3118 3034 3209 3087 eo
3252 3002 3381 3084 satis

1131 3126 1283 3210 effe
1326 3122 1688 3202 fasturos:
1783 3121 2323 3227 praecipueque
2366 3115 2427 3199 fi
2464 3117 2565 3201 dc
2611 3120 2918 3228 pudore
2957 3125 3214 3229 agitur.
3255 3120 3380 3197 fre-

1123 3260 1465 3350 quenter
1519 3254 1784 3312 autem
1837 3231 2157 3324 accidit,
2213 3254 2301 3314 ut
2353 3231 2569 3313 caula
2627 3260 2911 3338 parum
2964 3223 3385 3317 verecunda.

1129 3356 1300 3457 jure
1350 3370 1515 3430 tuta
1569 3342 1710 3425 fit:
1807 3343 1906 3424 de
1955 3372 2116 3454 quo
2163 3371 2269 3426 ne
2338 3348 2563 3428 inviti
2611 3345 2907 3448 judices
2956 3344 3285 3432 audiant,
3332 3341 3390 3416 ὅ(

1129 3459 1372 3543 averli
1411 3513 1433 3549 ‚
1495 3457 1974 3564 frequentius
2021 3456 2197 3537 sunt
2240 3455 2715 3538 admonendi
2755 3516 2779 3550 ,
2840 3459 3260 3541 secuturam
3298 3448 3391 3530 de-

1125 3572 1562 3656 fenfionem
1603 3568 2005 3675 probitatis
2038 3596 2124 3650 ac
2166 3566 2591 3675 dignitatis:
2617 3570 3062 3679 exspectent
3099 3566 3393 3676 paulum,

1127 3691 1210 3767 &
1270 3687 1391 3791 agi
1439 3679 1712 3761 ordine
1762 3680 2027 3761 fiuant.
2126 3676 2503 3784 Qaedam
2553 3687 2876 3765 interim
2924 3712 3071 3764 nos
3121 3687 3196 3762 δ(
3249 3677 3396 3759 invi-

1128 3801 1226 3880 ti's
1258 3794 1771 3902 litigatoribus
1821 3791 2339 3874 simulandum
2401 3793 2511 3875 est
2549 3795 2853 3878 dicere:
2952 3791 3168 3904 quod
3226 3791 3401 3873 Cice-

1125 3937 1230 3991 ro
1276 3935 1425 4015 pro
1460 3906 1825 3987 Cluentio
1878 3904 2063 3984 facit
2120 3907 2320 3987 circa
2367 3906 2848 4008 judiciariam
2907 3909 3184 4016 legem.
3225 3911 3402 3984 Non·

1127 4046 1538 4132 nunquam
1590 4016 1804 4130 quasi
1842 4017 2437 4131 interpellemur
2479 4021 2574 4103 ab
2620 4025 2754 4115 iis,
2802 4020 3218 4105 subsistere.
3288 4019 3403 4232 83:-
