3557 5113
276 225 479 389 De
511 218 958 433 hym.
989 221 1719 408 Oratoria,
1763 218 2059 377 Lib.
2094 222 2345 381 IV.
2533 248 2779 369 *255

212 582 281 662 pe
305 550 797 635 convertenda
835 549 936 632 ad
975 551 1199 659 ipsosj
1233 555 1503 633 orati0.
1599 554 1992 636 Hor-tandi
2012 610 2034 645 ,
2088 575 2174 633 ut
2205 553 2448 634 sinant
2475 575 2660 650 Cir.
2704 554 2845 644 V)
2880 626 2886 649 „

215 694 315 746 nos
349 669 449 746 uti
501 664 769 745 nostro
830 664 1172 745 consilio.
1289 669 1395 744 Ita
1441 662 1881 773 surrepetur
1926 672 2190 747 animo
2245 669 2443 768 judi-

212 784 320 870 cis,
361 784 429 859 &
479 777 676 859 dum
722 776 966 884 sperat
1026 777 1572 883 probationem
1624 779 1987 883 pudoris,
2047 779 2443 883 asperiori-

212 891 312 970 bus
359 890 497 970 illis
565 893 821 971 minus
895 891 1374 996 repugnabit.
1517 895 1707 993 Qa:
1770 921 1952 999 cum
2022 894 2441 997 receperit,

210 1008 389 1083 etiam
423 1003 907 1085 verecundiae
958 1000 1380 1084 defensioni
1433 1002 1736 1083 facilior
1789 1010 1954 1084 erit.
2072 1007 2192 1084 Sic
2241 1024 2445 1082 utrass

214 1141 321 1223 que
348 1143 452 1196 res
480 1119 818 1200 invicem
863 1116 1196 1216 juvabit,
1280 1120 1580 1224 eritque
1623 1115 1856 1217 judex
1899 1120 2098 1196 circa
2147 1119 2262 1216 jus
2297 1143 2440 1193 noa

216 1227 398 1306 strum
429 1226 559 1335 spe
593 1228 991 1309 modestia&=
1040 1231 1441 1312 attentior,
1502 1231 1703 1307 circa
1749 1228 2209 1308 modestiam
2259 1229 2445 1328 juris

210 1341 614 1443 probatione
671 1342 1111 1448 proclivior.
1206 1341 1355 1421 Sed
1410 1363 1497 1419 ut
1553 1368 1713 1419 non
1771 1340 2075 1446 semper
2120 1338 2445 1418 neceffii-

214 1454 330 1541 ria,
368 1476 487 1532 aut
523 1454 731 1534 utilis
772 1457 1008 1533 etiam
1051 1456 1367 1558 partitio
1418 1452 1565 1542 est,
1604 1463 1707 1532 ita
1748 1476 2189 1559 opportune
2222 1447 2437 1529 adhi-

209 1563 324 1642 bita
356 1566 773 1670 plurimum
816 1568 1149 1645 orationi
1181 1565 1374 1644 lucis
1416 1569 1495 1644 ὅτ
1534 1567 1801 1671 gratiae
1850 1566 2170 1643 confert.
2282 1568 2442 1641 Ne-

211 1700 323 1782 quc
364 1682 566 1757 enim
621 1678 708 1758 id
744 1678 996 1758 solum
1045 1677 1329 1769 efficit,
1395 1700 1477 1756 ut
1526 1676 1852 1757 clariora
1887 1676 2077 1756 fiant
2114 1700 2284 1781 quae
2329 1674 2444 1752 di-

209 1810 470 1880 cuntur,
534 1792 759 1871 rebus
797 1790 1015 1872 velut
1044 1816 1139 1868 ex
1183 1790 1402 1871 turba
1445 1791 1847 1879 extractis,
1891 1795 1969 1877 &
2014 1792 2094 1867 in
2131 1784 2450 1891 conspe-

208 1897 306 1977 Ciu
344 1901 676 2001 judicum
729 1902 1044 2009 positis:
1119 1899 1247 1980 sed
1314 1900 1563 1981 reficit
1624 1926 1941 2009 quoque
2005 1898 2451 1980 audientem

206 2033 380 2090 certo
407 2012 877 2121 singularum
931 2018 1270 2120 partium
1315 2014 1506 2093 fine:
1573 2042 1736 2093 non
1791 2013 2021 2094 aliter
2048 2039 2283 2120 quam
2344 2010 2448 2089 ffl-

201 2125 526 2205 cientibus
564 2129 758 2218 iter,
800 2125 1142 2207 multum
1188 2124 1604 2206 detrahunt
1645 2125 2145 2233 fatigationis,
2184 2138 2450 2203 notata

203 2233 531 2344 inscriptis
572 2237 956 2346 lapidibus
1015 2238 1270 2346 spatia.
1401 2245 1610 2318 Nam
1660 2243 1739 2317 ὅ(
1785 2238 2127 2318 exhausti
2172 2235 2457 2316 laboris

202 2346 369 2427 noss‘e
415 2350 856 2432 mensuram
889 2350 1272 2457 voluptati
1307 2348 1459 2445 est3
1505 2356 1584 2432 δι
1623 2350 1979 2435 hortatur
2018 2348 2127 2428 ad⁴
2155 2347 2453 2454 reliqvit
2556 2432 2560 2441 ,

201 2456 434 2542 fortius
499 2462 992 2573 exequenda,
1070 2463 1256 2545 scire
1310 2483 1688 2571 quantum
1755 2460 2087 2570 fiiperfi'n.
2114 2452 2452 2540 ΝτἹιῆ

202 2574 376 2652 enim
408 2575 742 2684 longum
793 2574 1040 2659 videri
1100 2574 1390 2656 necesse
1448 2574 1557 2655 est
1583 2632 1605 2667 ,
1662 2579 1743 2654 in
1806 2603 1967 2684 quo
2031 2573 2221 2683 quid
2271 2573 2452 2654 ulti-

200 2708 382 2766 mum
417 2685 552 2778 fit,
608 2712 910 2768 certum
952 2688 1086 2768 est:
1175 2693 1343 2767 Nec
1382 2690 1783 2767 immerito
1830 2685 2169 2767 multum
2204 2714 2303 2765 ex
2344 2682 2455 2764 di·

203 2792 469 2900 ligentia
508 2798 893 2907 partiendi
928 2800 1105 2879 tulit
1137 2798 1381 2881 laudis
1414 2802 1750 2900 Qintus
1784 2797 2272 2879 Hortensius:
2330 2822 2455 2876 cu·

198 2907 289 3008 jus
315 2933 570 2992 tamen
610 2909 1068 2995 divifionem
1105 2915 1189 2992 in
1232 2901 1518 3018 digitos
1575 2910 1969 2992 didutStam
2005 2967 2027 2995 ‚
2093 2935 2455 2991 nonnun-

199 3022 1392 3127 quamCicerole-vitereludit.
1443 3022 2455 3130 Namestfizusfmn-ge-

200 3129 292 3211 stu
341 3136 664 3227 modus,
729 3141 806 3216 &
862 3133 1170 3218 vitanda
1223 3157 1307 3216 ut
1366 3159 1537 3242 quae
1588 3139 1930 3216 maxime
1982 3133 2279 3216 concisa
2337 3134 2457 3212 ni·

202 3249 410 3325 mium
448 3253 530 3328 &
573 3247 792 3328 velut
828 3246 1229 3327 articulosa
1281 3249 1615 3351 partitio,
1691 3253 1902 3327 Nam
1942 3252 2019 3328 &
2050 3246 2461 3328 auetorita-

203 3359 252 3431 ti
278 3357 694 3462 plurimum
731 3358 1141 3440 detrahunt
1182 3358 1480 3438 minuta
1514 3358 1645 3437 illa
1668 3413 1691 3448 ,
1734 3387 1878 3440 nec
1913 3362 2070 3459 jam
2105 3355 2464 3437 membra

211 3461 309 3544 sed
346 3469 570 3551 frusta
617 3500 638 3547 ε
743 3477 820 3552 &
859 3472 1081 3574 hujus
1117 3470 1387 3576 gloria:
1414 3470 1720 3578 cupidi,
1784 3499 1946 3579 quo
1998 3471 2335 3552 subtilius
2380 3472 2467 3548 δε

215 3580 533 3680 copiosius
578 3579 904 3664 divifisse
956 3581 1396 3666 videantur,
1437 3591 1514 3666 &
1555 3583 2018 3689 supervacua
2057 3581 2463 3671 assumunt,

217 3691 750 3795 &qu-enatura
801 3692 1205 3800 singularia
1243 3695 1460 3785 sunt,
1516 3696 1806 3776 secant:
1900 3706 2047 3775 nec
2090 3717 2250 3775 tam
2291 3693 2468 3800 plu-

213 3824 281 3877 ra
303 3800 607 3890 faciunt,
648 3832 881 3915 quam
920 3809 1266 3886 minora:
1338 3806 1620 3889 deinde
1652 3835 1833 3888 cum
1864 3807 2211 3888 fecerunt
2244 3805 2469 3886 mille

197 3918 569 4018 particulas
593 3973 622 4010 ,
677 3920 759 3997 in
799 3915 1124 3996 eandem
1163 3916 1516 4000 incidunt
1554 3919 2137 4011 obscuritatem,
2200 3941 2476 4000 contra

192 4049 398 4136 quam
427 4031 761 4139 partitio
790 4030 1104 4112 inventa
1151 4030 1280 4114 est.
1371 4031 1639 4120 Divisa
1688 4037 1770 4117 δε
1808 4030 2138 4141 fimplex
2175 4056 2474 4221 propo·

2330 4163 2481 4224 mo
