3557 5113
802 200 1021 314 140
1235 156 1920 292 ‚MFA'ssn
2025 170 3226 307 quNcritxANs

717 461 1110 577 Cainxxl
1132 465 1346 549 Faber
1382 492 1564 545 cum
1621 461 1719 543 de
1772 463 2058 544 fabrica
2091 518 2116 550 ‚
2189 465 2264 540 ὅ(
2326 460 2651 541 musicus
2712 488 2892 543 cum
2958 462 3048 543 de
3092 463 3354 557 mustea,

1134 578 1193 659 si
1236 578 1428 684 quid
1472 575 2156 659 confirmationem
2208 570 2758 656 defideraverit
2789 630 2812 664 ‚
2884 571 3076 654 dicet
3124 607 3142 667 ;
3226 605 3352 657 non

1131 693 1277 771 erit
1328 687 1650 797 quidem
1704 711 1974 768 orator
2017 742 2041 777 ,
2126 683 2255 763 sed
2301 684 2529 765 faciet
2580 682 2773 764 111ud
2826 683 3025 791 quasi
3095 710 3354 766 orator:

1131 800 1325 881 sieut
1377 830 1559 882 cum
1608 801 1882 881 vulnus
1931 800 2338 904 imperitus
2381 794 2755 906 deligabit
2788 852 2809 885 ‚
2872 824 3028 877 non
3065 800 3200 877 etit
3229 827 3358 877 me-

1130 911 1346 994 dicus
1381 970 1405 1004 ‚
1496 911 1622 991 sed
1668 912 1896 990 faciet
1952 931 2038 990 ut
2096 906 2472 988 medicus.
2629 915 2759 989 An
2815 907 3225 1012 hujufiuodi
3257 938 3356 989 res

1137 1052 1280 1104 nee
1335 1029 1415 1103 in
1463 1022 1773 1103 laudem
1813 1078 1837 1113 ,
1901 1049 2042 1100 nee
2099 1024 2181 1099 in
2218 1017 2858 1100 deliberationem
2892 1075 2914 1111 ‚
2973 1049 3106 1100 nec
3152 1024 3223 1099 in
3265 1025 3354 1122 ju-

1135 1134 1432 1216 dicium
1475 1138 1793 1216 veniunt
1848 1134 1869 1215 ἒ
1947 1138 2152 1239 Ergo
2201 1159 2388 1211 eum
2438 1130 2534 1209 de
2582 1130 2932 1217 faciendo
2978 1153 3194 1239 portu
3229 1136 3356 1210 Ho-

1130 1245 1383 1326 stienfi
1427 1245 1948 1353 deliberatum
2012 1243 2120 1323 est
2150 1299 2182 1325 ,
2273 1270 2436 1339 noo
2487 1242 2756 1323 debuit
2812 1243 3059 1323 dicere
3108 1242 3356 1324 senten-

1125 1361 1319 1439 tiam
1378 1380 1644 1439 orator
1699 1357 1720 1437 ἓ
1827 1357 2069 1462 Atqui
2130 1381 2322 1457 opus
2392 1378 2553 1436 erat
2609 1357 2910 1435 ratione
2963 1357 3348 1435 architecto-

1120 1498 1319 1549 rum.
1414 1472 1874 1557 Livore5.&
1933 1490 2276 1547 tumores
2327 1468 2404 1542 in
2451 1494 2827 1573 corpore,
2887 1466 3252 1548 cruditatis
3279 1493 3355 1545 an

1120 1584 1398 1661 veneni
1439 1579 1646 1686 signa
1687 1579 1830 1659 fint
1870 1636 1892 1670 ‚
1937 1606 2099 1656 non
2142 1578 2409 1656 trastat
2457 1601 2726 1658 orator
2784 1578 2805 1657 ?
2883 1584 2989 1657 At
3026 1579 3128 1660 est
3173 1576 3241 1657 id
3278 1604 3355 1656 ex

1115 1696 1419 1773 ratione
1477 1690 1901 1771 medicinae.
1993 1691 2215 1770 Circa
2270 1689 2658 1771 mensuras
2710 1695 2790 1769 δε
2840 1717 3191 1771 numeros
3224 1714 3356 1768 non

1116 1801 1541 1882 versabitur
1595 1803 1618 1881 ?
1715 1806 2087 1900 Dicamus
2177 1799 2312 1879 has
2405 1804 2864 1925 geometriae·
2928 1801 3069 1883 effe
3127 1824 3356 1909 partes.

1115 1911 1500 2018 Equidem
1550 1917 1818 1991 omnia
1868 1912 2029 1991 fere
2090 1908 2297 2016 poss'e
2355 1910 2596 1992 credo
2657 1911 2829 1993 casu
2881 1913 3132 2021 aliquo
3188 1912 3355 2009 veni·

1110 2052 1199 2104 re
1264 2026 1346 2103 in
1388 2022 1741 2105 officium
1798 2025 2172 2102 oratoris:
2267 2021 2482 2131 quod
2534 2021 2589 2104 fi
2648 2051 2812 2103 non
2867 2024 3186 2113 accidet,
3227 2048 3358 2101 non

1115 2156 1339 2213 erunt
1388 2137 1460 2212 ei
1525 2134 1871 2235 subjefta.
1939 2139 2047 2216 lta
2106 2129 2208 2214 fic
2256 2161 2578 2242 quoque
2632 2136 2840 2219 reste
2888 2137 3202 2218 diximus
3227 2162 3355 2212 ma-

1114 2250 1390 2327 teriam
1468 2248 1892 2326 rhetorices
1949 2244 2092 2325 effe
2164 2273 2437 2327 omnes
2503 2274 2626 2326 res
2686 2246 2792 2327 ad
2850 2247 3245 2330 dicendum
3297 2244 3353 2321 ei

1113 2357 1482 2456 subjeetas
1527 2390 1551 2450 ς
1599 2357 1815 2464 quod
1863 2355 2182 2465 quidem
2247 2358 2524 2460 probat
2597 2360 2838 2439 etiam
2889 2360 3136 2439 fermo
3186 2383 3354 2438 com·

1118 2471 1396 2550 munis.
1484 2475 1692 2549 Nam
1749 2496 1933 2549 cum
1997 2466 2287 2574 aliquid
2349 2465 2446 2548 de
2505 2495 2662 2578 quo
2728 2468 3075 2553 dicamus
3115 2468 3356 2574 accepi«

1121 2607 1297 2659 mus
1332 2637 1357 2671 ,
1414 2579 1741 2685 positam
1776 2580 1995 2684 nobis
2050 2577 2196 2658 ess'e
2242 2584 2651 2663 materiam
2696 2582 3139 2692 frequenter
3166 2589 3355 2664 etiam

1121 2690 1569 2797 praefatione
1636 2691 2057 2789 testamur.¹
2121 2693 2449 2796 Gorgias
2505 2691 2840 2801 quidem
2876 2695 3074 2778 adeo
3113 2689 3356 2775 rhetori

1100 2801 1225 2883 -de
1276 2804 1641 2886 omnibus
1686 2806 1986 2906 putavit
2035 2800 2179 2882 esse
2242 2799 2666 2890 dicendum
2696 2859 2719 2895 ‚
2794 2833 2884 2887 ut
2937 2808 3008 2888 se
3057 2813 3133 2887 in
3185 2799 3358 2885 audi-

1123 2917 1339 3012 toriis
1389 2916 1849 3019 interrogari
1895 2933 2283 3019 pateretur
2323 2967 2349 3004 ,
2411 2942 2562 3021 qua
2609 2914 2930 3026 quisque
2981 2920 3076 3000 de
3119 2946 3197 2998 re
3229 2911 3355 2997 vel·

1124 3025 1256 3111 let.
1368 3028 1896 3132 Hermagoras
1950 3047 2263 3131 quoque
2306 3021 2640 3108 dicendo
2689 3034 3097 3112 materiam
3138 3024 3264 3110 esse
3291 3028 3354 3103 in

1118 3135 1334 3218 causa
1388 3141 1467 3217 &
1512 3140 1593 3215 in
1648 3135 2187 3243 quaestionibus
2236 3191 2261 3225 ‚
2328 3164 2608 3219 omnes·
2652 3166 2774 3219 res
2821 3142 3172 3244 subjectas
3223 3155 3355 3218 erat

1117 3247 1600 3354 complexu&
1689 3247 1838 3329 Sed
1900 3247 2352 3355 quaestiones
2401 3247 2458 3329 si
2501 3243 2752 3356 'negat
2803 3251 2904 3336 ad
2965 3252 3358 3336 rhetoricen

1112 3363 1503 3463 pertinere
1555 3413 1579 3450 ,
1657 3358 1995 3439 diss'entit
2064 3387 2110 3439 a
2177 3361 2452 3442 nobis:
2508 3357 2565 3440 ss
2610 3385 2877 3444 autem
2928 3364 3022 3445 ad
3073 3359 3358 3445 rhetori·

1115 3496 1262 3552 cen
1317 3475 1706 3576 pertinent
1746 3526 1768 3559 ,
1835 3471 1929 3550 ab
1983 3470 2133 3550 hoc
2177 3497 2491 3578 quoque
2560 3471 3036 3574 adjuvamur.
3171 3464 3359 3553 Nihil

1110 3581 1223 3662 est
1270 3586 1484 3662 enim
1537 3578 1751 3689 quod
1813 3609 1978 3666 non
2029 3587 2111 3662 in
2180 3582 2484 3666 eausam
2547 3606 2674 3664 aut
2735 3585 3234 3693 quaestionem
3266 3605 3364 3660 ca-

1096 3689 1257 3769 dat.
1407 3693 1858 3775 Aristoteles
1911 3717 2064 3773 tres
2129 3693 2524 3780 faciendo,
2586 3718 2794 3802 affe&
2835 3700 3234 3779 orationis,
3264 3696 3361 3793 ju·

1100 3800 1461 3888 dicialem
1483 3860 1506 3896 ,
1569 3801 2154 3893 deliberativam
2194 3861 2219 3899 ,
2268 3803 2509 3888 demo
2711 3801 2960 3896 ‘t‘ivam
2977 3866 3004 3898 ‚
3063 3832 3251 3929 petie
3294 3806 3361 3990 ff

3223 3943 3297 4025 ip
3321 3938 3362 3996 e
