3557 5113
696 256 946 372 602
1266 245 1426 353 M.
1521 249 1905 353 FAssxt
2050 229 3083 376 Qu1NCT1c1AN1

689 577 962 672 ‚Cimb
1046 564 1275 650 ciem,
1314 580 1685 669 quantam
1725 553 2210 663 religionem.
2319 558 2727 663 Propiores
2767 558 2926 651 alii,
2993 582 3231 668 atque
3253 558 3337 639 ad

823 669 827 674 ’
1049 677 1252 757 hanc
1285 673 1591 781 phrasin
1624 670 1720 750 de
1749 696 1901 778 qua
1937 670 2338 777 loquimur
2389 725 2412 760 ,
2460 677 2708 778 magis
2750 676 3000 753 utiles,
3096 673 3334 752 Lasci-

1052 815 1195 871 vus
1231 786 1549 895 quidem
1591 788 1671 861 in
1703 785 2062 862 Heroicis
2096 808 2410 889 quoque
2451 782 2778 866 ovidius
2812 842 2835 876 ‚
2899 792 2977 866 &
3014 789 3337 864 nimium

1053 922 1354 981 amator
1388 897 1680 1002 ingenii
1710 894 1819 972 sui
1844 929 1868 972 .·
1914 892 2336 975 laudandus
2360 917 2620 974 tamen
2643 899 2722 975 in
2762 899 3135 1003 partibus,
3158 902 3335 977 Cor·

1053 1012 1296 1098 nelius
1326 1033 1590 1090 autem
1637 1012 1984 1096 Severu3‚
2028 1005 2318 1085 etiamsi
2353 1006 2824 1088 versificator
2881 1037 3131 1116 quam
3167 1017 3334 1113 poe‘·

1051 1146 1129 1208 ta
1151 1122 1480 1211 melior,
1521 1117 1580 1198 fi
1611 1140 1900 1210 tamen,
1942 1139 2025 1199 ut
2060 1118 2169 1199 est
2199 1119 2490 1199 distum
2518 1176 2542 1211 ‚
2603 1119 2701 1200 ad
2745 1122 3160 1226 exemplar
3197 1124 3334 1226 pri-

1051 1242 1164 1316 mi
1204 1235 1382 1314 libri
1420 1231 1718 1312 bellum
1757 1232 2098 1311 Siculum
2133 1229 2706 1338 perscripsiss'et,
2747 1232 3185 1315 vindicaret
3213 1232 3334 1311 fibi

1051 1352 1216 1451 jure
1249 1343 1677 1426 <secundum
1727 1343 2013 1423 locum.
2154 1342 2300 1423 Sed
2338 1371 2521 1423 eum
2562 1343 3092 1424 consummari
3140 1369 3332 1423 mors

1053 1466 1468 1541 immatura
1506 1482 1671 1536 non
1704 1453 1915 1560 passa
1944 1454 2103 1534 est:
2141 1456 2457 1561 puerilia
2503 1479 2760 1535 tamen
2802 1459 2966 1557 ejus
3010 1460 3331 1563 opera&

1050 1574 1480 1654 maximam
1526 1564 1877 1646 indolem
1917 1566 2360 1658 ostendunt,
2384 1573 2463 1649 δε
2489 1569 2928 1649 mirabilem
2967 1572 3327 1674 praecipue

1055 1688 1139 1766 in
1196 1704 1415 1763 aetate
1473 1678 1604 1757 illa
1644 1663 1834 1760 reffi
1910 1681 2213 1784 generis
2254 1680 2760 1760 voluntatem.
2879 1681 3213 1761 Multum
3254 1683 3327 1758 in

1055 1794 1368 1876 Valerio
1390 1791 1649 1870 Flacco
1671 1817 1918 1895 nuper
1941 1789 2349 1870 amisimus,
2390 1792 2828 1871 Vehemens
2851 1797 2930 1870 &
2953 1797 3324 1898 poeticum

1054 1907 1457 2012 ingenium
1482 1899 1703 1981 Saleii
1734 1898 1936 1982 Baffi
1982 1902 2171 1992 fuit,
2217 1929 2360 1982 nec
2406 1901 2651 2008 ipsum
2691 1902 3063 1983 senectute
3085 1924 3309 1980 maru-

1052 2044 1249 2098 rum.
1366 2013 1721 2093 Rabirius
1762 2040 1848 2092 ac
1884 2011 2090 2093 Pedo
2119 2041 2281 2094 non
2319 2013 2617 2119 indigni
2673 2020 3116 2122 cognitione
3181 2069 3200 2098 ‚
3259 2008 3317 2091 fi

1051 2147 1294 2212 vacet.
1354 2128 1709 2206 Lucanus
1747 2123 2019 2205 ardens
2084 2183 2108 2217 ‚
2179 2131 2258 2207 ὃ(
2322 2130 2787 2217 concitatus,
2835 2132 2915 2209 &
2959 2126 3325 2207 sententiis

947 2225 954 2248 '
1052 2235 1523 2323 clarissimus,
1565 2241 1686 2327 δε,
1724 2259 1812 2316 ut
1847 2236 2099 2318 dicam
2146 2234 2358 2346 quod
2397 2236 2681 2325 sentio,
2725 2242 2971 2346 magis
3014 2239 3320 2322 oratori·

1048 2353 1183 2435 bus
1218 2377 1455 2460 quam
1493 2352 1737 2454 poetis
1781 2347 2215 2428 imitandus.
2332 2354 2499 2428 Hos
2540 2353 3143 2442 nominavimus,
3164 2352 3321 2457 quia

1061 2467 1613 2546 Germanicum
1679 2461 2113 2567 Augustum
2157 2461 2251 2541 ab
2304 2460 2668 2543 institutis
2709 2461 2976 2544 studiis
3030 2462 3327 2543 deflexit

1055 2602 1236 2659 cura
1268 2595 1671 2663 terrarum,
1704 2599 2135 2681 parumque
2177 2574 2320 2655 diis
2351 2574 2596 2657 visum
2636 2574 2746 2655 est
2780 2575 2929 2654 esse
2966 2604 3149 2656 eum
3187 2602 3326 2655 ma-

1058 2690 1365 2767 ximum
1411 2708 1843 2789 poetarum.
1972 2684 2187 2786 Qud
2223 2710 2484 2766 tamen
2524 2688 2613 2766 iis
2665 2685 2842 2792 ipsis
2874 2693 3037 2786 ejus
3097 2691 3328 2794 operi-

1057 2800 1221 2885 bus,
1266 2800 1344 2877 in
1387 2823 1555 2902 qua:
1588 2793 1915 2876 donatus
1957 2798 2292 2904 imperio
2325 2801 2621 2899 juv'enis
2648 2797 3131 2890 successerat,
3184 2798 3325 2878 sub-

1058 2910 1336 2993 limius,
1372 2905 1684 2991 doeiius,
1712 2910 2072 2989 omnibus
2108 2907 2442 3016 denique
2468 2915 2804 2992 numeris
2818 2910 3329 3017 praestantius?

1035 3025 1256 3122 *Qis
1294 3024 1503 3101 enim
1538 3042 1848 3100 caneret
1870 3020 2088 3105 ‚bella
2124 3022 2397 3102 melius
2433 3078 2454 3106 ‚
2507 3049 2741 3130 quam
2778 3025 2913 3129 qui
2948 3022 3057 3103 fic
3091 3027 3326 3131 gerit?

1066 3138 1329 3232 Qem
1365 3129 1843 3237 praesidentes
1878 3130 2138 3212 studiis
2186 3132 2347 3214 deae
2387 3138 2697 3238 propius
2734 3134 3143 3216 audirent?
3198 3136 3327 3216 Cui

1064 3248 1310 3350 magis
1349 3244 1505 3323 suas
1547 3262 1739 3321 artes
1769 3246 2102 3349 aperiret
2153 3244 2528 3325 familiare
2570 3272 2860 3326 numen
2906 3252 3327 3327 Minervae?

1055 3360 1348 3438 Dicent
1387 3356 1548 3433 haec
1590 3352 1887 3458 plenius
1918 3354 2166 3435 futura
2211 3356 2475 3437 secula.
2522 3363 2752 3437 Nunc
2787 3362 2999 3439 enim
3037 3383 3328 3441 caetera-

1059 3495 1241 3549 rum
1277 3466 1570 3573 fulgore
1606 3467 1985 3546 virtutum
2020 3467 2179 3547 laus
2220 3468 2357 3549 ista
2404 3469 2976 3576 praestringitur.
3050 3478 3333 3553 Nosta-

1058 3606 1248 3660 men
1281 3577 1482 3659 sacra
1520 3577 1921 3659 literarum
1952 3578 2297 3674 colentes
2334 3582 2550 3664 feras,
2593 3581 2838 3663 Caesar
2867 3637 2891 3673 ,
2939 3579 2996 3661 fi
3034 3610 3200 3665 non
3234 3608 3330 3665 ta-

1062 3697 1303 3772 citum
1347 3690 1503 3774 hoc
1561 3694 2043 3796 praeterimus
2078 3748 2104 3780 ,
2142 3698 2223 3775 &
2260 3691 2693 3803 virgiliano
2733 3715 2947 3776 certe
2981 3698 3204 3779 versu
3236 3720 3329 3778 te-

1047 3804 1384 3893 stamur,

1119 3982 1122 3985 ’
1239 3994 1435 4068 Inter
1469 3980 1803 4061 viarius
1835 3978 2168 4065 hedera
2208 3979 2352 4085 tibi
2368 3982 2655 4095 strpere
2699 3988 2966 4068 haras.

2644 4144 2651 4151 ·
3167 4131 3323 4227 Elea.
