3557 5113
355 239 597 404 De
643 175 1086 447 [wit.
1144 220 1873 423 Oratoria,
1921 228 2221 396 Lib.
2274 244 2374 399 1.
2672 154 2809 395 '73
2974 254 2992 261 ’

227 550 525 675 spiciunt
569 587 947 675 quantum
977 588 1257 647 natura
1298 563 1618 648 humani
1667 568 1957 676 ingenij
2016 568 2308 656 valeat:
2336 591 2712 688 quaecip,
2749 585 2915 671 ΧΠ,

228 682 319 759 ita
356 679 460 759 est
508 679 729 786 agilis
774 684 854 760 δε
901 678 1134 760 velox
1160 733 1183 770 ‚
1237 672 1339 763 sic
1410 682 1505 786 in·
1562 706 1892 761 omnem
1958 708 2263 788 partem
2308 738 2332 778 ,
2416 716 2499 771 ut

228 796 318 871 ita
359 787 696 871 dixerim
743 846 768 880 ‚
830 789 1111 896 spestat
1158 845 1180 879 ‚
1236 810 1320 869 ut
1369 817 1467 869 ne
1525 786 1757 898 possit
1817 793 2136 900 quidem
2201 796 2496 906 aliquid

227 930 425 1009 agere
472 923 779 989 tantum
824 927 1112 981 unum:
1170 903 1252 979 in
1296 899 1518 1007 plura
1564 927 1791 988 vero,
1840 932 2003 985 non
2050 904 2337 988 eodem
2362 910 2491 995 die

227 1013 448 1094 modo
487 1070 510 1104 ,
583 1010 717 1094 sed
784 1010 1069 1094 eodem
1136 1016 1511 1117 temporis
1581 1037 1998 1095 momento
2063 1021 2230 1099 vim
2277 1019 2487 1102 suam

228 1124 622 1232 impendat.
720 1127 852 1203 An
897 1149 1087 1213 vero
1130 1121 1535 1207 citharoedi
1580 1152 1744 1204 non
1788 1124 2015 1208 fimul
2061 1134 2140 1210 &
2188 1158 2487 1215 memo-

230 1240 383 1328 πίε,
449 1241 529 1318 δε
580 1232 780 1315 sono
845 1238 1057 1317 vocis
1082 1287 1104 1323 ‚
1159 1238 1239 1317 &
1308 1234 1649 1340 pluribus
1716 1233 2036 1316 flexibus
2101 1238 2480 1335 serviunt,

228 1376 388 1429 cuni
427 1349 748 1427 interim
796 1344 985 1425 alios
1052 1370 1333 1441 nervos
1402 1342 1674 1427 dextra
1741 1372 2196 1451 percurrunt
2220 1407 2242 1440 ‚
2290 1353 2479 1434 alios

232 1458 404 1540 laeva
438 1460 747 1540 trahunt
773 1512 796 1546 ‚
865 1460 1272 1537 continent
1297 1512 1321 1547 ‚
1380 1457 1769 1563 praebent3
1835 1485 1935 1537 ne
1981 1488 2115 1565 pes
2217 1462 2480 1544 uidem

234 1570 483 1652 otiosus
504 1626 527 1660 ‚
591 1590 892 1649 certam
956 1567 1214 1673 legem
1283 1590 1728 1673 temporum
1799 1568 2041 1650 servat
2078 1626 2101 1660 ,
2317 1571 2507 1654 haec=

180 1686 483 1799 &ariter
531 1679 853 1762 omnia?
941 1674 1196 1781 Qid?
1286 1705 1428 1757 nos
1479 1675 1759 1783 agendi
1803 1679 2038 1760 subita
2085 1680 2478 1764 necessita-

224 1816 293 1875 te
328 1789 771 1901 deprehensi
794 1845 819 1881 ‚
862 1817 1127 1870 nonne
1160 1788 1304 1870 alia
1345 1787 1670 1870 dicimus
1695 1847 1715 1880 ‚
1767 1788 1912 1870 alia
1949 1793 2473 1897 providemus,

224 1931 379 2015 cum
405 1909 696 2016 pariter
739 1905 1090 1984 inventio
1145 1927 1409 1981 rerum
1424 1955 1448 1990 ,
1497 1901 1771 1989 electio
1794 1904 2237 1991 verborum,
2256 1931 2477 1986 com..

219 2015 473 2123 politio
512 2015 765 2127 gestus
789 2070 812 2104 ,
874 2012 1405 2120 pronuntiatio
1427 2065 1452 2103 ‚
1515 2011 1765 2094 vultus
1783 2066 1806 2103 ‚
1845 2011 2249 2123 motusque
2277 2016 2474 2097 defi-

214 2127 609 2210 dei-entur?
719 2130 910 2232 Qiae
954 2122 1013 2204 si
1056 2122 1269 2206 velut
1300 2121 1431 2201 sub
1474 2148 1636 2202 uno
1686 2145 1965 2204 conatu
2014 2147 2178 2205 tam
2219 2124 2473 2207 diver-

213 2240 279 2320 fi
317 2263 578 2347 parent
618 2235 845 2319 simul
867 2293 890 2328 ‚
932 2264 1068 2318 cur
1109 2261 1274 2318 non
1319 2232 1662 2340 pluribus
1709 2236 1905 2314 curis
1951 2237 2176 2319 horas
2240 2244 2477 2345 parti-

211 2346 424 2431 amui-
446 2408 470 2438 ,
510 2379 686 2432 cum
729 2345 1149 2465 praesertiin
1193 2344 1488 2426 reficiat
1535 2345 1836 2425 animos
1883 2371 1969 2425 ac
2010 2371 2309 2452 reparet
2352 2377 2476 2430 va-

215 2467 432 2542 rietas
475 2462 669 2571 ipsa.
730 2481 1152 2569 contraque
1198 2457 1290 2538 fit
1356 2455 1753 2566 aliquanto
1792 2454 2194 2543 difficilius*
2243 2460 2327 2537 in
2369 2459 2483 2543 la-

211 2574 387 2656 bore
428 2604 582 2658 uno
624 2570 1160 2682 perseverare?
1225 2568 1558 2677 ideoque
1606 2572 1686 2656 &
1732 2566 1964 2676 stylus
1992 2567 2340 2656 ‚lestione
2364 2597 2489 2656 re-

212 2688 504 2797 quiescit
524 2743 553 2780 ‚
619 2693 705 2768 &
748 2683 975 2791 ipsius
1015 2681 1365 2766 Ιεὲὶίοηίε
1422 2678 1737 2762 taedium
1803 2677 2092 2764 vicibus
2162 2680 2481 2766 levatur.

222 2799 639 2903 Quilibet
705 2795 950 2877 multa
1011 2795 1392 2904 egerimus
1439 2847 1463 2883 ‚
1526 2788 1874 2900 quodam
1919 2812 2183 2873 tamen
2227 2791 2482 2873 modo
2590 2841 2594 2845 -

213 2935 525 2993 recentes
572 2910 836 2991 sumus
882 2904 980 2986 ad
1026 2905 1107 2986 id
1152 2902 1364 3016 quod
1404 2905 1835 3009 incipimus.
1894 2895 2084 3007 Quis
2125 2931 2290 2983 non
2342 2903 2483 2983 ob-

213 3021 405 3104 tundi
438 3017 687 3132 poffit
709 3075 734 3112 ‚
788 3015 845 3099 fi
909 3044 1052 3125 per
1119 3037 1377 3112 totum
1445 3014 1658 3109 diem
1722 3012 2230 3122 cujuscunque
2298 3015 2483 3112 artis

210 3159 424 3216 unum
460 3132 934 3243 magistrum
952 3215 957 3226 ,
978 3128 1219 3210 ferat?
1314 3128 1746 3206 Mutatione
1792 3123 2292 3212 recreabitur:
2388 3121 2482 3204 fi-

209 3266 325 3352 cut,
355 3249 435 3328 in
478 3247 682 3327 cibis
707 3298 740 3344 ‚‚
778 3268 1117 3352 quorum
1161 3225 1590 3326 diversitate
1632 3233 1974 3318 reficitur
2016 3231 2480 3321 stomachus,

214 3363 277 3436 δι
308 3359 653 3464 pluribus
716 3359 1025 3450 minore
1094 3345 1398 3431 fastidio
1466 3346 1714 3428 alitur.
1804 3349 1963 3426 Aut
2028 3342 2287 3425 dicant
2357 3343 2480 3426 isti

221 3471 374 3550 milii
399 3527 423 3561 ,
484 3496 669 3577 quae
709 3463 802 3546 fit
846 3465 993 3557 alia
1048 3463 1248 3544 ratio
1314 3456 1653 3544 discendi
1700 3456 1723 3536 ἒ
1824 3460 1899 3538 Si
1963 3458 2481 3562 grammatico
2649 3440 2659 3454 ’
2767 3497 2836 3560 *s

228 3577 337 3658 soh
367 3581 890 3662 deserviamus
909 3630 953 3671 ‚‚
1001 3570 1284 3663 deinde
1327 3590 1746 3678 geometrae
1796 3568 2145 3648 tantum?
2238 3571 2481 3648 omit-

231 3709 425 3773 tamus
456 3693 833 3774 interim
1115 3682 1521 3772 didicimus
1545 3733 1569 3771 ‚
1632 3707 1826 3760 mox
1873 3676 2333 3768 transeamus
2379 3671 2481 3758 ad

224 3800 541 3887 musicum
567 3862 597 3898 ,
670 3791 844 3884 exc'
1081 3794 1387 3904 priora?
1460 3795 1541 3874 ὃ(
1586 3817 1829 3899 quum
1883 3792 2180 3871 Latini-s
2228 3787 2476 3870 stude-

211 3909 435 3993 bimus
471 3917 725 4000 literis
755 3968 783 4005 ,
832 3935 997 3992 non
1038 3906 1522 4013 respiciamus
1567 3901 1665 3990 ad
1707 3901 2070 3991 Graecas?
2127 3905 2219 3984 δε.
2243 3923 2327 3982 ut
2368 3897 2478 3992 se-

205 4025 340 4130 mel
393 4017 681 4111 finiam
713 4080 740 4116 ‚
789 4015 1009 4102 nihil
1051 4013 1435 4210 faciaiiiuls<
1469 4009 1611 4202 {isi
1658 4007 2223 4119 noviffimum?
2318 4016 2484 4198 {33¹}
