3557 5113
725 285 974 403 ,σιμῷ

672 587 824 682 BQ
833 583 1021 661 1²:11.

1225 279 1241 294 ·
1379 236 1538 346 M.
1606 235 2022 341 ‘FAnn
2172 223 3154 359 QIN-CTILIANI

1101 562 1232 643 ‘xit
1268 588 1289 652 3
1343 552 1784 662 Ubicunque
1824 549 1918 654 ςβ
1951 603 1973 630 ,
2016 547 2234 625 vivit.
2302 562 2381 620 at
2424 537 2557 621 ille
2622 540 2704 617 in
2736 577 2745 584 ·
2762 551 3002 642 puteo
3071 547 3375 638 mortuus
3466 513 3467 600 Ϊ

1118 673 1230 753 est
1266 672 1645 750 inventus.
1743 660 2022 740 Aliena
2053 683 2226 764 quae
2263 652 2430 734 sunt
2465 650 2696 732 dubia
2731 703 2753 730 ‚
2825 670 3215 752 nunquam
3244 638 3378 748 pos-
3466 673 3467 750 ᾗ

1122 784 1298 867 sunt
1390 802 1676 860 nocere
1700 832 1723 859 ‚
1787 769 1927 850 nifi
1987 790 2119 849 aut
2179 769 2475 846 incerto
2532 761 2845 843 austere
2898 812 2922 849 ,
3022 777 3151 835 aut
3215 779 3380 832 mor-
3466 775 3467 794 ¹

1130 920 1285 978 tuo.
1459 887 1710 969 Nocte
1757 882 2019 966 audita
2088 877 2198 960 est
2271 905 2430 960 vox
2495 907 2516 970 3
2607 890 2889 953 σαντα.
2942 863 3380 980 tyrannidem.-

1135 1015 1216 1090 &
1255 1059 1279 1093 ‚
1338 1004 1909 1101 interrogatu5‚
1969 996 2177 1093 cujus
2237 1014 2545 1072 veneno
2588 1004 3075 1070 moreretur,
3125 976 3381 1082 respon-

1138 1116 1265 1198 dit
1280 1146 1302 1210 3
1364 1128 1526 1191 Non
1568 1108 1853 1218 expedit
1887 1103 2028 1188 tibi
2048 1105 2258 1210 sc'ire.
2374 1107 2585 1179 Nam
2627 1095 2686 1177 fi
2727 1094 2836 1174 est
2882 1095 3017 1201 qui
3058 1086 3272 1198 poffit
3300 1093 3384 1167 in-

1146 1227 1527 1332 terrogari
1564 1276 1588 1313 ,
1629 1215 1895 1300 solvet
1946 1216 2558 1322 ambiguitatem.
2660 1214 2876 1290 ,Cum
2925 1224 3185 1284 autem
3232 1198 3389 1282 dista

1147 1340 1494 1445 faustaque
1544 1330 1803 1413 nostra
1848 1325 2159 1410 defendi
2213 1325 2383 1407 solo
2431 1327 2699 1403 animo
2770 1313 3070 1425 ,possint
3109 1372 3135 1406 ,
3194 1312 3389 1392 aliena

1151 1451 1364 1536 varie
1424 1445 1876 1528 refutantur.
1968 1445 2093 1520 De
2143 1466 2306 1519 uno
2332 1433 2676 1545 ¹quidem
2738 1432 3087 1512 maxime
3166 1448 3390 1533 genere

1146 1555 1793 1663 'conjecturalium
1859 1546 2559 1632 controversiarum
2596 1543 2853 1623 ,locuti
2906 1540 3294 1626 videmur,
3335 1538 3395 1615 &

1161 1659 1245 1755 in
1282 1697 1553 1753 omnes
1603 1661 1899 1771 aliquid
1950 1690 2049 1741 ex
2094 1660 2212 1742 his
2268 1658 2493 1740 cadit.
2583 1664 2794 1737 Nam
2832 1650 3204 1760 depositi,
3235 1648 3395 1734 furti,

1168 1781 1481 1868 creditae
1518 1777 1862 1886 p'ecuniae
1885 1829 1909 1865 ‚
1950 1779 2032 1855 ὅ(
2101 1801 2145 1853 a
2202 1769 2685 1852 facultatibus
2726 1786 3195 1880 ‚argumenta
3236 1760 3397 1841 veni-

1168 1915 1310 1975 unt
1350 1949 1374 1984 ,
1449 1918 1550 1970 an
1612 1888 1846 1968 fuerit
1906 1882 2124 1994 quod
2193 1882 2771 1990 deponeretur:
2832 1885 2911 1960 &
2974 1906 3024 1958 a
3078 1872 3397 1985 personis,

1163 2033 1264 2085 an
1318 2002 1547 2084 illum
1602 1995 2025 2106 deposuiss'e
2084 1993 2293 2104 apud
2337 1995 2545 2076 hunc
2572 2047 2609 2086 ,,
2672 1990 2801 2077 vel
2842 1992 3025 2072 huic
3072 1978 3399 2070 credidiffe

1155 2113 1540 2198 credibile
1582 2111 1726 2192 fit:
1789 2139 1889 2191 an
1937 2113 2364 2218 petitorem
2409 2107 2907 2193 calumniari,
2946 2129 3052 2182 an
3096 2123 3288 2179 reum
3309 2097 3406 2173 in-

1173 2227 1608 2310 ficiatorem
1665 2221 1812 2305 esse
1856 2280 1880 2315 ,
1942 2220 2071 2304 vel
2134 2221 2402 2301 furem.
2495 2217 2644 2299 Sed
2695 2222 2927 2305 etiam
2961 2216 3055 2293 in
3085 2212 3254 2292 furti
3284 2231 3407 2288 reo,

1171 2338 1360 2420 ficut
1424 2342 1506 2418 in
1553 2336 1776 2417 caedis
1823 2390 1869 2425 ‚·
1930 2336 2298 2442 quaeritur
2348 2329 2445 2410 de
2502 2330 2704 2411 facto
2744 2384 2769 2419 ‚
2840 2331 2919 2409 ὅ(
2980 2323 3086 2406 de
3135 2322 3407 2404 auitooe.

1178 2445 1472 2531 Crediti
1530 2455 1610 2528 ὅ(
1662 2445 1992 2552 depositi
2047 2443 2217 2525 dua:
2281 2440 2455 2522 sunt
2498 2441 2950 2549 quaestiones
2994 2493 3022 2528 ‚
3087 2434 3212 2515 sed
3262 2457 3412 2514 non-

1043 2652 1051 2661 ,
1178 2588 1582 2670 nunquam
1629 2558 1950 2664 junctae,
1994 2585 2092 2637 an
2142 2554 2416 2637 datum
2462 2552 2601 2646 sit,
2652 2581 2755 2634 an
2810 2548 3222 2631 redditum.
3297 2547 3419 2624 Hz-

1163 2674 1371 2755 ibent
1423 2670 1715 2781 aliquid
1793 2671 2096 2777 proprii
2198 2666 2554 2747 adulterii
2645 2661 2879 2746 eausae
2929 2718 2955 2755 ,
3039 2657 3245 2770 quod
3308 2652 3423 2762 ple·

1183 2808 1515 2891 rumque
1560 2782 1901 2864 duorum
1957 2779 2367 2860 discrimen
2425 2775 2593 2873 est3
2659 2783 2763 2858 ὃς.
2792 2774 2889 2855 de
2933 2770 3308 2880 utriusque
3341 2767 3423 2844 vi·

1189 2920 1269 2976 ta
1317 2894 1747 2983 ,dicendum
1811 2925 1829 2973 ε
1934 2884 2378 2999 quanquam
2446 2896 2525 2970 ὅ(
2558 2887 2667 2995 jd
2721 2890 3102 2997 quaeritur
3156 2940 3182 2977 ,
3246 2908 3329 2963 an
3366 2902 3429 2954 u·

1186 3033 1550 3115 trumque
1616 3008 1905 3112 pariter
1958 3001 2271 3083 defendi
2326 3020 2705 3106 oporteat.
2826 3000 3069 3097 Cujus
3135 2999 3240 3076 rei
3283 3014 3429 3071 con·

1189 3119 1445 3203 silium
1487 3118 1833 3200 nascetur
1868 3144 1967 3196 ex
2021 3113 2254 3194 causti.
2365 3119 2584 3219 Nam,
2624 3111 2681 3192 si
2723 3105 3125 3212 adjuvabit
3180 3130 3320 3215 pars
3351 3098 3436 3177 al·

1201 3234 1364 3329 tera
1401 3287 1425 3322 ,
1491 3234 2022 3336 conjungam:
2087 3226 2145 3306 fi
2200 3226 2556 3315 nocebit,
2634 3222 3019 3330 separabo.
3142 3226 3261 3301 Ne
3312 3214 3437 3321 quis

1199 3367 1463 3425 autem
1508 3344 1706 3422 mihi
1755 3362 1976 3449 putet
2028 3360 2322 3418 temere
2382 3334 2736 3416 excidisse
2789 3390 2815 3426 ‚
2875 3332 3100 3441 quod
3161 3333 3441 3439 plerum-

1201 3481 1356 3561 que
1400 3452 1738 3533 duorum
1796 3457 2093 3532 crimen
2139 3450 2284 3530 effe
2326 3444 2796 3529 adulterium
2821 3501 2845 3536 ,
2916 3472 3083 3524 non
3154 3440 3445 3546 semper,

1211 3564 1553 3645 dixerim
1595 3595 1614 3642 ε
1690 3564 1945 3670 potest
1986 3561 2310 3642 accufitri
2357 3560 2519 3639 sola
2584 3560 2874 3640 mulier
2937 3558 3231 3636 incerti
3291 3546 3445 3632 adul·

1202 3681 1379 3755 terii
1416 3712 1440 3753 .-
1498 3681 1826 3758 Munera
1844 3674 2455 3765 ‚domiinvenna
2494 3670 2709 3757 sunt,
2776 3674 3130 3779 pecunia:
3178 3672 3331 3767 ejus
3366 3686 3467 3739 aus

1197 3789 1380 3867 &or
1440 3815 1600 3869 non
1675 3809 1889 3871 extat
1948 3817 1967 3870 z
2034 3783 2438 3874 codicilli,
2504 3778 2847 3881 ,dubium
2890 3777 2991 3861 ad
3048 3807 3295 3889 quem
3326 3772 3467 3867 scri<

1200 3902 1357 4006 pti..
1433 3899 1777 3983 -1n.fals0
1812 3924 2143 4007 ‘quoque
2192 3902 2395 3979 ratio
2447 3892 2778 3979 similis:
2865 3915 2999 3979 aut
3060 3898 3282 3981 enim
3338 3885 3467 3992 plu*

1201 4038 1323 4093 res
1362 4011 1447 4093 in
1489 4011 1807 4121 culpam
1863 4034 2287 4104 vocantur,
2334 4031 2497 4095 ‚aut-
2522 4035 2739 4092 unus.
2837 4011 2935 4087 Et
2978 4005 3314 4117 scriptor
3340 3972 3468 4092 quii

2004 4204 2069 4257 ,
2166 4221 2177 4231 .
3309 4107 3468 4189 dem
