3557 5113
289 210 511 370 De
541 198 987 410 Irgliit.
1066 89 1740 363 Oratoria
1761 332 1800 380 ,
1834 201 2162 367 Lib.'
2194 212 2293 368 I.
2580 243 2720 337 11>

172 557 313 615 unt:
368 537 448 616 ὅτ.
500 553 592 611 ut
626 558 954 640 corpora
1008 531 1106 614 ad
1146 534 1520 642 quosdam
1569 541 2111 621 membrorum
2169 541 2413 624 flexus
2446 539 2512 612 C
2535 556 2577 604 A
2609 556 2671 613 Ρ·
2722 536 2814 629 Ῐ·.“’

170 646 440 725 fonnari
490 641 631 724 nisi
685 668 946 725 tenera
987 674 1150 725 non
1189 646 1537 754 possunt3
1602 648 1703 728 fic
1746 656 2044 731 animos
2095 680 2412 762 quoque

169 756 242 836 ad
281 756 633 863 pleraque
692 756 1040 838 duriores
1103 759 1343 838 robur
1404 759 1653 866 ipsum
1715 759 1919 842 facit.
2067 769 2196 843 An
2239 767 2412 845 Phi-

168 869 374 973 lippus
432 867 954 951 Macedonum
1018 896 1154 949 rex
1214 869 1666 951 Alexandro
1723 871 1894 950 filio
1950 873 2092 953 suo
2159 880 2412 978 prima

170 976 516 1059 literarum
578 980 961 1059 elementa
1024 980 1223 1059 tradi
1264 982 1359 1061 ab
1397 981 1815 1062 Aristotele
1875 983 2182 1062 summo
2246 990 2407 1084 ejus

169 1094 354 1170 etatis
414 1089 884 1197 philosopho
949 1089 1347 1182 voluisset‚
1404 1113 1534 1171 aut
1594 1092 1726 1171 ille
1782 1093 2198 1199 suscepisset
2256 1097 2409 1177 hoc

169 1200 511 1291 officium,
553 1200 613 1279 fi
654 1230 820 1281 non
876 1200 1308 1281 studiorum
1356 1204 1571 1282 initia
1625 1206 1706 1283 &
1768 1231 1813 1282 a
1861 1203 2406 1311 pei-festissimo

169 1312 412 1394 bonum
458 1312 765 1392 tractari
790 1369 813 1405 ,
887 1317 967 1394 &
1016 1315 1403 1419 pertinere
1470 1311 1571 1394 ad
1622 1312 2007 1402 summam
2055 1314 2412 1396 credidis-

168 1420 292 1504 set!
345 1427 736 1530 Fingamus
775 1428 1012 1529 igitur
1063 1422 1600 1504 Alexandrum
1653 1423 1821 1504 dari
1875 1426 2097 1505 nobis
2157 1430 2410 1532 impo-

169 1531 366 1613 litum
400 1537 690 1640 gremio
725 1591 749 1624 ,
802 1532 1127 1640 dignum
1189 1556 1396 1615 tanta
1446 1559 1629 1614 cura
1679 1535 2056 1615 infantem
2079 1591 2100 1627 ‚
2146 1547 2414 1643 (quan-

168 1644 548 1836 ffisuus
615 1650 893 1770 cuique
943 1645 1219 1750 dignus
1273 1643 1430 1740 est)
1496 1641 1882 1750 pudeatne
1927 1674 2060 1725 me
2115 1649 2196 1725 in
2237 1646 2413 1756 ipfis

287 1760 297 1770 ‘
432 1757 838 1837 elementis
913 1761 1150 1836 etiam
1225 1757 1484 1835 brevia
1564 1753 1897 1835 docendi
1978 1756 2410 1837 monstrare

171 1866 625 1971 compendia?
687 1875 965 1976 Neque
1020 1871 1232 1946 enim
1274 1865 1470 1944 mihi
1524 1852 1733 1945 illud
1775 1865 2050 1958 saltem
2104 1868 2358 1973 placet
2380 1924 2408 1959 ‚

172 1975 339 2081 quod
383 1976 546 2057 fieri
588 1973 676 2057 in
733 1978 1089 2088 plurimis
1146 1976 1419 2067 video,
1474 1997 1561 2056 ut
1620 1977 2022 2058 literarum
2084 1983 2406 2060 nomina

170 2089 230 2167 δε
262 2112 697 2171 contextum
770 2093 980 2196 prius
1049 2114 1289 2197 quam
1369 2087 1657 2169 formas
1705 2090 2028 2194 'parvuli
2091 2089 2398 2173 discant.

167 2198 385 2277 Obstat
418 2201 561 2281 hoc
624 2203 997 2308 agnitioni
1047 2226 1312 2279 earum
1336 2254 1357 2288 ‚
1396 2204 1558 2278 non
1598 2198 2165 2281 intendentibus
2205 2227 2404 2300 mox

165 2311 462 2390 animum
492 2310 586 2390 ad
634 2310 834 2415 ipsos
878 2310 1184 2399 duetus,
1224 2307 1415 2389 dum
1464 2306 2052 2390 antecedentem
2096 2340 2403 2393 memo-

164 2419 338 2497 riam
374 2418 790 2529 sequuntur.
886 2420 1095 2527 'Qaej
1148 2420 1537 2500 causaest
1588 2423 2201 2526 praecipientibus
2226 2479 2247 2512 ‚
2312 2447 2400 2504 ut

165 2530 362 2611 etiam
418 2561 581 2613 cum
658 2530 828 2618 satis
889 2530 1201 2612 affixisse
1258 2559 1381 2611 eas
1440 2535 1697 2639 pueris
1745 2533 1964 2612 tedio
2028 2531 2168 2614 illo
2235 2561 2398 2641 quo

166 2642 449 2741 primum
485 2643 717 2726 scribi
759 2642 1006 2726 solent
1072 2663 1446 2724 contextu
1497 2641 1903 2735 videntur,
1959 2652 2401 2753 retroag'ant

168 2743 398 2834 fiirsurn
418 2814 439 2848 ‚
500 2762 579 2839 δε
627 2758 841 2837 varia
898 2751 1468 2861 permutatione
1523 2755 1877 2846 turbent,
1925 2754 2173 2837 donec
2229 2757 2403 2837 lite-

172 2885 280 2951 ms,
303 2868 410 2973 qui
446 2867 995 2956 instituuntur,
1039 2866 1228 2950 facie
1260 2865 1595 2958 notin‘ts'
1621 2877 1784 2947 'non
1834 2865 2162 2948 ordine.-
2194 2876 2403 2967 Qa-

166 2996 431 3160 gomer·
470 2974 1065 3171 opzignebficitit
1099 2975 2055 3170 hongi131m‚ogatitelifft‘&·
2101 2978 2408 3173 hggeitdia

260 3110 531 3168 nomina
677 3116 1134 3170 oceunur.
1295 3116 1345 3177 ‚e
1510 3117 1560 3167 u
1719 3118 1801 3170 in
1886 3118 2096 3171 ieris
2372 3148 2399 3182 ,

166 3191 232 3268 in
256 3192 507 3299 syllabis
548 3227 724 3283 non
759 3201 1087 3281 nocebit.
1154 3205 1341 3281 Non
1387 3115 1720 3282 effeludo
1758 3224 2022 3281 autem
2058 3201 2140 3280 id
2189 3189 2408 3309 q‘uod

164 3300 247 3381 est
282 3331 576 3404 notum,
628 3309 1047 3394 irritandae·
1074 3310 1172 3391 ad
1226 3307 1675 3422 distendurn
1710 3310 2075 3392 infantia?
2119 3315 2408 3417 gratia,
2516 3338 2523 3344 ·

171 3412 464 3501 eburneas
511 3427 756 3505 etiam
804 3423 1248 3505 ‘literarum
1285 3421 1574 3502 for‘mas
1630 3423 1713 3499 'i‘n
1766 3420 2017 3502 lusum
2078 3420 2404 3518 offerre3

172 3524 332 3608 velli
377 3533 552 3639 quid
603 3532 826 3615 aliud
850 3589 873 3625 ‚
929 3561 1105 3642 quo*
1135 3535 1377 3640 magis
1435 3527 1566 3614 illa
1621 3555 1798 3613 aetas
1871 3532 2197 3639 gaudeat
2219 3588 2240 3623 ,
2295 3537 2414 3611 in-
2562 3596 2565 3599 .

173 3643 356 3717 veniri
387 3645 629 3749 potest
651 3703 680 3738 ,
745 3645 966 3753 quod
1030 3637 1345 3734 trasta'te
1367 3701 1391 3736 ,
1454 3643 1735 3724 intueri
1760 3646 1818 3735 ‚f
1846 3650 2252 3740 nominare
2292 3647 2410 3747 ju·-

162 3746 435 3833 ‘cundum
474 3755 582 3838 fit.
662 3765 671 3774 '
712 3757 931 3840 Cum
988 3757 1179 3841 vero
1239 3757 1396 3861 jam
1427 3751 1709 3837 *ductus
1762 3755 1972 3870 sequi
2036 3759 2408 3865 coeperit>

154 3876 294 3934 20¹²
328 3861 551 3950 inutile
585 3870 756 3949 erit
796 3895 923 3949 eas
963 3867 1262 3958 'tabellae
1319 3873 1855 3980 quamoptime
1914 3868 2279 3977 insculpi,
2318 3889 2412 3948 ut

144 3987 262 4067 l’er
297 3970 454 4062 illos
503 3981 745 4068 velut
808 3976 1060 4067 sulcos
1120 3976 1445 4066 ducatur
1496 3979 1753 4092 stylus.
1890 3987 2102 4066 Nam
2155 4003 2414 4083 neque

1279 4098 1347 4176 B
1393 4121 1431 4196 3
2203 4113 2414 4169 erra-
