3557 5113
298 205 498 373 De
540 205 983 421 Instit.
1034 219 1798 409 Oratoria,
1827 222 2136 401 Lib.
2171 230 2340 391 II.
2529 278 2702 409 ¹111

204 536 669 641 immolatione
708 536 1074 648 ¹pinxisset
1132 548 1433 632 tristem
1488 556 1997 653 Calchantem
2040 618 2064 656 ‚
2146 565 2427 653 tristio-
2448 570 2833 690 CAFDXmss

206 676 328 727 *rem
381 652 705 758 Ulyssem
743 709 767 746 ,
812 656 1220 740 addidisset
1282 663 1646 752 Menelao
1711 696 1953 779 quem
2022 675 2422 762 summum

197 782 439 866 ¹poterat
471 791 585 844 ars
629 765 939 846 efficere
986 798 1413 855 moerorem
1454 805 1470 853 :
1536 780 1957 865 consumtis
2004 787 2420 886 afficimus,

207 898 321 950 non
364 880 729 980 reperiens
779 906 941 988 quo
1004 882 1237 988 digne
1292 888 1537 971 modo
1580 900 1827 999 patris
1882 898 2184 981 vultum
2245 905 2419 1009 pol-'-
2484 971 2508 995 .

204 979 281 1060 'set
321 989 723 1093 exprimere
761 1046 784 1081 ,
847 994 1136 1074 velavit
1191 1000 1347 1098 ejus
1425 1028 1653 1109 caput
1679 1061 1703 1096 ‚
1775 1012 1856 1089 &
1925 1008 2062 1089 suo
2139 1024 2420 1123 cuique

208 1098 400 1175 animo
447 1094 664 1180 dedit
707 1098 1258 1187 aestimandum.
1348 1114 1632 1195 Nonne
1672 1118 1853 1199 huic
1891 1117 2137 1202 limile
2178 1127 2287 1206 est
2323 1122 2415 1207 il-

198 1201 301 1283 'lud
332 1207 836 1293 Sallustianum
854 1272 876 1305 ,
943 1228 1134 1298 Nam
1165 1219 1253 1300 de
1282 1224 1719 1339 ¹Cartbagine
1751 1255 1981 1313 tacere
2009 1236 2251 1339 satius*
2269 1266 2405 1350 pst-5

206 1338 258 1393 to
281 1373 300 1408 ‚
340 1349 826 1433 quamparam
873 1326 1103 1411 dicere
1158 1335 1196 1410 ,Ρ
1289 1337 1612 1443 Propter
1647 1368 1819 1449 quae
1860 1346 2056 1425 mihi
2109 1346 2413 1457 semper

202 1436 384 1507 moris
428 1433 602 1524 fuit,
660 1460 896 1544 quam
946 1442 1276 1522 minime
1330 1446 1646 1554 alligare
1708 1480 1841 1532 me
1893 1453 1989 1533 ad
2035 1484 2419 1568 praecepta

203 1562 336 1643 quae
370 1542 679 1622 καθολικαὶ
714 1570 1002 1632 vocant
1035 1610 1060 1645 ,
1112 1551 1194 1634 id
1241 1554 1373 1635 eff
1413 1569 1549 1653 (ut
1609 1561 1955 1646 dicamus
2005 1572 2417 1675 quomodo

185 1649 496 1753 pollinnus
517 1676 545 1756 )
582 1661 1081 1756 universalia,
1139 1663 1267 1746 vel
1319 1676 1816 1779 perpetualia.
1933 1680 2150 1760 Raro
2199 1686 2417 1764 enim

196 1768 496 1868 reperitur
530 1770 702 1851 'hoc
757 1801 1006 1880 genus
1043 1834 1066 1868 ,
1125 1800 1210 1858 ut
1281 1807 1446 1862 non
1519 1781 1952 1868 labefactari
2010 1815 2229 1897 parte
2285 1795 2421 1875 ali-

198 1896 340 1979 qua,
373 1902 483 1959 aut
520 1878 784 1963 subrui
831 1885 1090 1993 possit.
1175 1889 1328 1971 Sed
1383 1893 1480 1973 de
1512 1892 1638 1976 'his
1681 1894 1987 2005 plenius
2021 1900 2158 1984 suo
2200 1904 2426 2014 quid·

191 1995 302 2090 que
320 1987 483 2071 'loco
522 1993 1043 2082 tractabimus.
1129 2005 1458 2086 Interim
1513 2004 1704 2089 nolo
1759 2009 1834 2089 se
1887 2014 2202 2113 ‘juvenes
2238 2016 2412 2098 satis

184 2094 506 2184 instrustos
538 2162 561 2196 ,
649 2102 709 2188 fi
775 2136 1012 2217 quern
1071 2140 1169 2193 ex
1245 2114 1363 2195 his
1422 2121 1558 2224 qui
1608 2120 1880 2202 breves
1937 2126 2405 2236 plerumque

178 2214 797 2306 circumferuntur,
842 2227 1017 2304 artis
1072 2222 1427 2307 libellum
1473 2228 1929 2325 edidicerint
1963 2292 1987 2326 ‚
2052 2243 2132 2319 ὅ(
2191 2240 2408 2321 velut

176 2317 443 2406 decretis
486 2332 1024 2415 technicorum
1076 2356 1322 2430 tutor„
1361 2364 1658 2448 putent.
1786 2345 2048 2427 Multo
2090 2348 2356 2431 labore
2379 2403 2403 2442 ‚

175 2431 422 2515 assiduo
461 2437 733 2534 studio,
800 2449 1010 2527 varia
1045 2451 1592 2533 exercitatione
1614 2511 1637 2546 ‚
1701 2454 2058 2561 plurimis
2096 2469 2401 2568 experi-

170 2550 411 2628 mentis
435 2607 456 2641 ‚
506 2554 866 2639 altissima
912 2558 1319 2668 prudentia
1366 2622 1388 2655 ‚
1450 2560 2037 2674 praesentissimo
2082 2573 2403 2655 confilio

177 2659 412 2740 constat
446 2692 555 2747 ars
608 2667 944 2751 dicendi.
1056 2670 1208 2752 *Sed
1257 2674 1656 2790 adjuvatur
1718 2679 1839 2761 his
1892 2679 2205 2792 quoque
2242 2743 2264 2776 ‚
2344 2680 2403 2766 fi

184 2789 380 2852 tamen
427 2776 720 2859 retiam
762 2787 1010 2876 viam,
1051 2807 1216 2864 non
1254 2811 1492 2869 unam
1536 2790 1874 2873 orbitam
1911 2789 2396 2878 monstrent:

180 2903 215 2956 a
252 2908 365 2989 qua
423 2885 814 2974 declinare
866 2897 1000 3006 qui
1050 2891 1461 2981 crediderit
1518 2902 1730 2983 nefas
1768 2956 1796 2995 ,
1876 2910 2210 3012 patiatur
2264 2931 2399 2987 ne-

180 2992 323 3073 ceffi:
364 2996 457 3079 est
507 3003 738 3085 illam
785 3035 934 3113 per
992 3005 1214 3090 funes
1259 3010 1866 3118 ingredientium
1923 3013 2395 3098 tarditatem.

174 3101 377 3213 ltaque
420 3117 504 3193 ὅ(
582 3116 910 3199 stratum
965 3119 1280 3200 militari
1335 3120 1603 3216 labore
1657 3130 1807 3205 iter
1863 3125 2053 3233 saepe
2126 3125 2406 3209 deseri-

176 3239 307 3298 mus
343 3225 800 3333 compendio
856 3229 1064 3312 ducii
1108 3263 1126 3310 ε
1209 3236 1288 3314 &
1339 3228 1397 3314 si
1454 3232 1751 3316 rectum
1800 3236 2139 3317 limitem
2191 3243 2405 3346 rupti

178 3339 561 3419 torrentibus
602 3364 888 3447 pontes
928 3340 1345 3427 inciderint
1375 3402 1399 3438 ‚
1468 3349 1794 3428 circuire
1841 3373 2261 3455 cogemur:
2319 3353 2401 3434 δε

182 3431 223 3511 fi
262 3443 428 3539 janua
498 3454 894 3534 tenebitur
959 3453 1322 3538 incendio
1380 3513 1404 3551 ‚
1508 3487 1650 3566 per
1714 3459 2095 3567 parietem
2165 3461 2399 3584 exibi-

188 3571 323 3630 IQ
386 3560 578 3645 Late
630 3565 888 3647 fiisum
942 3595 1137 3674 opus
1187 3568 1341 3663 est,
1406 3572 1485 3653 ὅ(
1522 3570 1935 3678 multiplex
1969 3626 1993 3666 ,
2031 3579 2108 3656 &
2143 3597 2393 3680 prope

184 3666 439 3761 quotidie
492 3705 808 3759 novum
844 3735 868 3772 ‚
935 3680 1012 3760 ὅ(
1062 3675 1160 3761 de
1215 3710 1374 3790 quo
1421 3705 1820 3794 nunquam
1889 3683 2088 3765 dicta
2162 3709 2394 3768 erunt

181 3778 395 3859 Omnia·
462 3792 666 3896 Qiae
721 3785 866 3869 sint
928 3812 1187 3872 tamen
1245 3792 1523 3876 tradita
1556 3853 1578 3890 ,
1636 3794 1828 3907 quid
1876 3827 1972 3878 ex
2005 3798 2130 3890 ,his
2187 3801 2394 3923 opti-

165 3907 385 3979 mum,
415 3900 474 3977 δι
516 3902 576 3980 fi
618 3928 786 4008 qua
846 3907 1173 3996 mutari,
1230 3905 1508 4011 adjici,
1565 3904 1867 3993 detrahi
1923 3905 2201 3995 melius
2273 3931 2389 3993 vl-

161 3990 445 4099 dtbitur,
507 4012 787 4095 dicere
835 4019 1202 4119 experiar.
1721 4036 1730 4044 ’
2175 4066 2184 4073 ·
2317 4067 2336 4074 Δ·

1365 4130 1427 4228 R
2116 4129 2399 4230 ΕΗΒ-ε
