3557 5113
792 342 1010 461 320
1392 300 1540 404 M.
1642 301 2035 404 Fissu
2133 296 3163 428 <Lumo-rimam

719 594 1364 691 cinxluetiam
1406 608 1865 693 praetextam
1926 578 2324 662 demissam
2372 577 2471 662 ad
2536 578 2728 663 talos
2768 637 2792 674 ,
2858 581 3250 663 inseRatus
3294 575 3397 658 est.

642 713 645 715 “
1129 700 1492 783 Presserat
1572 701 1789 779 enim
1869 695 2327 775 turbulentis
2415 697 2916 777 concionibus
2988 695 3399 777 Cluentium

1128 816 1513 908 Quintius,
1658 816 2251 915 Nonnunquam
2325 807 2713 892 elevanda:
2778 807 3087 891 invidiae
3134 809 3352 911 gratia
3381 858 3398 893 ,

1131 954 1306 1036 quae
1364 923 1695 1031 asperius
1755 920 1955 1001 dicta
2008 921 2218 1004 sunt.
2281 918 2728 1001 eluduntur:
2819 944 2908 1001 ut
2966 948 3008 999 a
3060 924 3397 999 Cicerone

1133 1041 1495 1119 Triarius.
1639 1041 1850 1113 Nam
1920 1061 2103 1112 cum
2175 1036 2428 1113 Scauri
2504 1035 2902 1113 columnas
2959 1060 3102 1138 per
3174 1031 3394 1108 urbem

1139 1149 1486 1257 plaustris
1535 1147 1784 1225 vectas
1836 1144 1978 1223 effe
2024 1144 2259 1239 dixit3
2320 1157 2463 1255 Ego
2481 1172 2741 1256 porro,
2798 1149 3096 1253 inquit,
3140 1149 3264 1251 qui
3304 1140 3393 1217 Al·
3470 1176 3471 1181 ¹

1142 1262 1360 1342 banas
1404 1257 1619 1337 habeo
1663 1260 2049 1348 columnas,
2100 1256 2367 1336 clitellis
2404 1288 2517 1338 eas
2567 1262 2957 1368 apportavi.
3070 1261 3166 1333 Et
3205 1255 3398 1356 magis

1144 1376 1296 1454 hoc
1347 1377 1428 1450 in
1473 1370 1940 1450 accusatores
2004 1368 2438 1449 concessum
2496 1369 2650 1458 est,
2708 1372 2982 1477 quibus
3031 1366 3390 1446 convitiari

1145 1482 1564 1592 aliquando
1617 1485 2027 1587 patrocinii
2079 1479 2269 1561 fides
2325 1485 2556 1587 cogit.
2668 1480 2804 1560 llla
2849 1508 3035 1562 vero
3090 1475 3395 1556 adversus

1143 1624 1420 1677 omnes
1476 1602 1554 1674 ὃ(
1600 1613 1955 1698 recepta,
2023 1595 2101 1671 &
2159 1619 2322 1672 non
2376 1593 2792 1672 inhumana
2832 1589 3305 1699 conquestio,
3356 1584 3397 1663 fi

1139 1706 1413 1789 callide
1465 1700 1656 1813 quid
1697 1698 2047 1794 tacuisse,
2100 1702 2501 1797 breviasse,
2568 1699 3022 1794 obscurasse,
3082 1696 3396 1780 distulisse

1144 1819 1526 1904 dicuntur.
1621 1812 2107 1894 Defensionis
2218 1844 2472 1923 uoque
2515 1820 2986 1924 permutatio
3034 1812 3396 1918 reprehen

1141 1930 1351 2019 ditur
1396 1928 1624 2032 saepe,
1681 1951 1764 2006 ut
1806 1928 2083 2004 Accius
2121 1844 2472 2007 ailversus
2514 1929 3004 2016 Cluentium,
3054 1924 3395 2004 AEschines
3470 1954 3471 1977 ¹

1142 2039 1496 2121 adversus
1561 2035 2151 2143 Ctesiphontem
2214 2034 2460 2118 facit:
2541 2069 2723 2120 cum
2781 2041 2909 2119 ille
2978 2042 3400 2119 Ciceronem
3470 2046 3471 2067 ¹

1140 2152 1311 2260 lege
1380 2150 1694 2231 usurum
1749 2147 1996 2229 modo
2032 2205 2054 2238 ‚
2120 2150 2245 2229 hic
2282 2153 2627 2231 'minime
2688 2150 2784 2231 de
2834 2150 3005 2258 lege
3056 2146 3409 2228 disturum-

1141 2264 1768 2357 Demosthenem,
1795 2263 2163 2369 queritur.
2232 2260 2815 2343 Declamat‘ores
2849 2291 3038 2345 vero
3060 2260 3403 2367 imprimis
3470 2248 3471 2327 ἶ

1141 2375 1314 2456 sunt
1380 2372 1901 2463 admonendi,
2000 2398 2097 2451 ne
2172 2373 2813 2454 contradic'tioncs
2880 2402 3001 2454 eas
3088 2391 3354 2479 ponant
3386 2419 3403 2453 9

1085 2489 1416 2595 ·quibus
1472 2486 1835 2598 facillime
1898 2482 2341 2590 responderi
2381 2486 2653 2592 pollitz
2719 2514 2870 2566 neu
2924 2486 3057 2566 libi
3122 2485 3400 2564 stultum

1137 2599 1659 2680 adversarium
1715 2596 2026 2701 fingant.
2112 2597 2481 2678 ‘Facimus
2543 2623 2803 2678 autem
2838 2656 2860 2687 ‚
2918 2600 3136 2706 quod
3200 2601 3405 2677 mzxi-
3470 2659 3471 2668 ,

1135 2739 1267 2791 me
1325 2712 1597 2790 uberes
1673 2707 1876 2796 loci,
1946 2708 2499 2818 popularesque
2551 2713 2937 2790 sententia·
2989 2711 3404 2790 nascuntur,
3470 2727 3471 2750 ¹

1138 2826 1546 2902 materiam
1589 2818 1903 2898 dicendi
1958 2821 2181 2898 nobis
2236 2821 2451 2928 quod
2518 2824 2884 2902 volumus
2945 2821 3405 2903 ducentibus:

1138 2956 1228 3013 ut
1285 2962 1477 3014 non
1524 2929 1610 3010 fit
1683 2930 1969 3011 inutilis
2027 2929 2158 3010 ille
2237 2931 2532 3027 'versus3
2593 2949 2753 3014 Non
2809 2938 2995 3014 male
3053 2930 3411 3046 respondit,

1135 3048 1323 3146 male
1358 3053 1549 3125 enim
1554 3051 1761 3154 prior
1794 3046 1905 3120 ille
1939 3066 2240 3150 rogarat.
2289 3043 2519 3124 Fallet
2559 3043 2719 3127 haec
2756 3075 2899 3126 nos
2932 3053 3011 3127 in
3051 3047 3411 3126 forocon-
3470 3067 3471 3096 ³

1144 3157 1506 3248 suetudO,
1572 3157 1700 3235 ubi
1742 3152 2224 3243 adverlari0‚
2278 3182 2440 3236 non
2488 3157 2626 3263 ipsi
2673 3159 2891 3238 nobis
2950 3153 3409 3264 respondebi-

1031 3355 1040 3362 ,
1143 3299 1339 3351 mus,
1440 3271 1684 3367 Ajunt
1745 3270 2073 3345 Accium
2136 3268 2702 3376 interrogatum
2751 3297 2888 3349 cur
2968 3271 3227 3350 causas
3284 3289 3416 3344 non

1142 3403 1442 3486 ageret,
1516 3408 1696 3458 cum
1732 3376 1934 3483 apud
1998 3405 2180 3457 eum
2231 3382 2314 3457 in
2382 3381 2772 3487 tragoediis
2818 3405 3021 3461 tanta
3078 3387 3199 3462 vis
3269 3375 3417 3457 ess'et

1143 3496 1444 3597 optime
1485 3488 2040 3596 respondendi,
2094 3488 2292 3570 hanc
2332 3493 2733 3575 reddidisse
2798 3499 3193 3575 rationem
3224 3527 3243 3583 ς
3270 3483 3431 3601 quod

1143 3608 1289 3684 illic
1323 3634 1406 3682 ea
1433 3604 1832 3682 dicerentur
1866 3635 2010 3714 quae
2041 3601 2181 3711 tpſs
2198 3605 2426 3696 vestet,
2467 3614 2548 3686 in
2543 3609 2713 3714 foro
2732 3605 3001 3688 diduri
3037 3605 3425 3712 adversaris·

1139 3715 1339 3822 effiwt
1376 3745 1521 3825 quae
1566 3723 1865 3796 minime
1918 3719 2139 3794 vedet.
2252 3717 2702 3798 Ridiculum
2740 3720 2845 3797 est
2897 3745 3087 3825 ergo
3120 3724 3203 3797 in
3239 3743 3425 3795 exer·

1137 3827 1621 3908 citationibus
1678 3853 1849 3933 quae
1897 3828 2115 3914 ,foro
2169 3857 2696 3937 praeparantur
2731 3888 2753 3922 ‚
2808 3835 3014 3937 prius
3093 3834 3424 3937 cogitare
3470 3851 3471 3900 z

1132 3938 1324 4046 quid
1388 3936 1878 4045 responderi,
1926 3967 2165 4048 quam
2217 3939 2409 4051 quid
2458 3971 2554 4022 ex
2611 3942 2915 4024 diverso
2968 3943 3128 4023 dici
3194 3938 3428 4048 polilt.

1131 4058 1224 4140 Et
1285 4051 1529 4134 bonus
1585 4074 2015 4162 praeceptor
2074 4081 2236 4135 non
2287 4058 2542 4136 minus
2599 4055 2911 4136 laudare
2975 4054 3429 4256 discipgililgm

3257 4191 3293 4240 e
3346 4182 3423 4237 et
3470 4241 3471 4256 Ν
