<?xml version="1.0" encoding="UTF-8"?>
<!DOCTYPE html PUBLIC "-//W3C//DTD XHTML 1.0 Transitional//EN"
    "http://www.w3.org/TR/xhtml1/DTD/xhtml1-transitional.dtd">
<html xmlns="http://www.w3.org/1999/xhtml" xml:lang="en" lang="en">
 <head>
  <title>
</title>
<meta http-equiv="Content-Type" content="text/html;charset=utf-8" />
  <meta name='ocr-system' content='tesseract 3.04.00' />
  <meta name='ocr-capabilities' content='ocr_page ocr_carea ocr_par ocr_line ocrx_word'/>
</head>
<body>
  <div class='ocr_page' id='page_1' title='image "./deinstitutioneo00obregoog_0670.png"; bbox 0 0 3557 5113; ppageno 0'>
   <div class='ocr_carea' id='block_1_1' title="bbox 890 198 3169 355">
    <p class='ocr_par' dir='ltr' id='par_1_1' title="bbox 890 198 3169 355">
     <span class='ocr_line' id='line_1_1' title="bbox 890 198 3169 355; baseline 0.001 -47"><span class='ocrx_word' id='word_1_1' title='bbox 890 198 1123 347; x_wconf 78' lang='lat'>526</span> <span class='ocrx_word' id='word_1_2' title='bbox 1307 324 1312 330; x_wconf 9' lang='grc' dir='ltr'><strong>ἡ</strong></span> <span class='ocrx_word' id='word_1_3' title='bbox 1383 198 1654 355; x_wconf 26' lang='lat' dir='ltr'>*Ma</span> <span class='ocrx_word' id='word_1_4' title='bbox 1735 202 2106 323; x_wconf 73' lang='lat' dir='ltr'>FAnrt</span> <span class='ocrx_word' id='word_1_5' title='bbox 2265 198 3169 345; x_wconf 71' lang='lat' dir='ltr'>QiNcntiAm</span> 
     </span>
    </p>
   </div>
   <div class='ocr_carea' id='block_1_2' title="bbox 807 513 3421 4191">
    <p class='ocr_par' dir='ltr' id='par_1_2' title="bbox 807 513 3421 4191">
     <span class='ocr_line' id='line_1_2' title="bbox 807 513 3421 624; baseline 0 -23"><span class='ocrx_word' id='word_1_6' title='bbox 807 525 914 601; x_wconf 67' lang='lat' dir='ltr'>CA</span> <span class='ocrx_word' id='word_1_7' title='bbox 928 550 990 607; x_wconf 70' lang='grc' dir='ltr'>ι».</span> <span class='ocrx_word' id='word_1_8' title='bbox 1037 532 1124 614; x_wconf 84' lang='grc' dir='ltr'>Η.</span> <span class='ocrx_word' id='word_1_9' title='bbox 1201 519 1414 620; x_wconf 87' lang='lat' dir='ltr'>lem;</span> <span class='ocrx_word' id='word_1_10' title='bbox 1479 544 1757 602; x_wconf 86' lang='lat' dir='ltr'>verum</span> <span class='ocrx_word' id='word_1_11' title='bbox 1795 515 2045 598; x_wconf 88' lang='lat' dir='ltr'>multo</span> <span class='ocrx_word' id='word_1_12' title='bbox 2086 513 2184 597; x_wconf 90' lang='lat' dir='ltr'>ad</span> <span class='ocrx_word' id='word_1_13' title='bbox 2233 514 2621 624; x_wconf 90' lang='lat' dir='ltr'>agendum</span> <span class='ocrx_word' id='word_1_14' title='bbox 2664 516 3175 612; x_wconf 82' lang='lat' dir='ltr'>difficiliorem,</span> <span class='ocrx_word' id='word_1_15' title='bbox 3224 521 3349 602; x_wconf 68' lang='lat' dir='ltr'>eum</span> <span class='ocrx_word' id='word_1_16' title='bbox 3420 556 3421 563; x_wconf 16' lang='grc' dir='ltr'><strong><em>Ν</em></strong></span> 
     </span>
     <span class='ocr_line' id='line_1_3' title="bbox 1113 630 3347 744; baseline -0.002 -28"><span class='ocrx_word' id='word_1_17' title='bbox 1113 630 1119 634; x_wconf 67' lang='grc'><strong>’</strong></span> <span class='ocrx_word' id='word_1_18' title='bbox 1199 635 1545 744; x_wconf 72' lang='lat' dir='ltr'>persona:</span> <span class='ocrx_word' id='word_1_19' title='bbox 1586 653 1944 737; x_wconf 85' lang='lat' dir='ltr'>potentes</span> <span class='ocrx_word' id='word_1_20' title='bbox 1977 630 2283 711; x_wconf 88' lang='lat' dir='ltr'>obstant</span> <span class='ocrx_word' id='word_1_21' title='bbox 2301 685 2325 723; x_wconf 90' lang='lat'>,</span> <span class='ocrx_word' id='word_1_22' title='bbox 2360 630 2517 713; x_wconf 80' lang='lat' dir='ltr'>sine</span> <span class='ocrx_word' id='word_1_23' title='bbox 2548 658 2867 733; x_wconf 86' lang='lat' dir='ltr'>quarum</span> <span class='ocrx_word' id='word_1_24' title='bbox 2889 630 3347 741; x_wconf 74' lang='lat' dir='ltr'>reprehensione</span> 
     </span>
     <span class='ocr_line' id='line_1_4' title="bbox 1203 741 3352 853; baseline -0.002 -23"><span class='ocrx_word' id='word_1_25' title='bbox 1203 750 1454 830; x_wconf 84' lang='lat' dir='ltr'>teneri</span> <span class='ocrx_word' id='word_1_26' title='bbox 1490 744 1705 826; x_wconf 90' lang='lat' dir='ltr'>causa</span> <span class='ocrx_word' id='word_1_27' title='bbox 1733 771 1900 825; x_wconf 89' lang='lat' dir='ltr'>non</span> <span class='ocrx_word' id='word_1_28' title='bbox 1945 741 2201 850; x_wconf 84' lang='lat' dir='ltr'>poffit.</span> <span class='ocrx_word' id='word_1_29' title='bbox 2256 806 2283 827; x_wconf 77' lang='grc'><strong>.</strong></span> <span class='ocrx_word' id='word_1_30' title='bbox 2324 742 2660 853; x_wconf 81' lang='lat' dir='ltr'>Ideoque</span> <span class='ocrx_word' id='word_1_31' title='bbox 2698 745 2852 826; x_wconf 88' lang='lat' dir='ltr'>hoc</span> <span class='ocrx_word' id='word_1_32' title='bbox 2881 749 3140 852; x_wconf 85' lang='lat' dir='ltr'>parcius</span> <span class='ocrx_word' id='word_1_33' title='bbox 3167 752 3229 829; x_wconf 86' lang='lat'>&amp;</span> <span class='ocrx_word' id='word_1_34' title='bbox 3262 748 3352 825; x_wconf 68' lang='lat' dir='ltr'>ciro</span> 
     </span>
     <span class='ocr_line' id='line_1_5' title="bbox 1200 853 3346 967; baseline -0.003 -25"><span class='ocrx_word' id='word_1_35' title='bbox 1200 859 1708 964; x_wconf 68' lang='lat' dir='ltr'>cumspestius</span> <span class='ocrx_word' id='word_1_36' title='bbox 1749 853 2186 937; x_wconf 87' lang='lat' dir='ltr'>faciendum</span> <span class='ocrx_word' id='word_1_37' title='bbox 2222 886 2239 933; x_wconf 92' lang='lat'><strong>:</strong></span> <span class='ocrx_word' id='word_1_38' title='bbox 2279 859 2460 963; x_wconf 89' lang='lat' dir='ltr'>quia</span> <span class='ocrx_word' id='word_1_39' title='bbox 2492 857 2689 937; x_wconf 88' lang='lat' dir='ltr'>nihil</span> <span class='ocrx_word' id='word_1_40' title='bbox 2729 858 3021 938; x_wconf 88' lang='lat' dir='ltr'>interest</span> <span class='ocrx_word' id='word_1_41' title='bbox 3052 856 3346 967; x_wconf 86' lang='lat' dir='ltr'>quomodo</span> 
     </span>
     <span class='ocr_line' id='line_1_6' title="bbox 1191 968 3349 1077; baseline -0.004 -23"><span class='ocrx_word' id='word_1_42' title='bbox 1191 970 1588 1054; x_wconf 75' lang='lat' dir='ltr'>offendas:</span> <span class='ocrx_word' id='word_1_43' title='bbox 1636 975 1717 1050; x_wconf 73' lang='grc' dir='ltr'>δε</span> <span class='ocrx_word' id='word_1_44' title='bbox 1761 992 2028 1075; x_wconf 88' lang='lat' dir='ltr'>aperta</span> <span class='ocrx_word' id='word_1_45' title='bbox 2065 969 2312 1073; x_wconf 88' lang='lat' dir='ltr'>figura</span> <span class='ocrx_word' id='word_1_46' title='bbox 2354 968 2615 1074; x_wconf 84' lang='lat' dir='ltr'>perdit</span> <span class='ocrx_word' id='word_1_47' title='bbox 2656 971 2805 1051; x_wconf 89' lang='lat' dir='ltr'>hoc</span> <span class='ocrx_word' id='word_1_48' title='bbox 2852 970 3099 1077; x_wconf 87' lang='lat' dir='ltr'>ipsum,</span> <span class='ocrx_word' id='word_1_49' title='bbox 3132 968 3349 1077; x_wconf 83' lang='lat' dir='ltr'>quodli-</span> 
     </span>
     <span class='ocr_line' id='line_1_7' title="bbox 1185 1080 3349 1192; baseline 0 -28"><span class='ocrx_word' id='word_1_50' title='bbox 1185 1110 1381 1192; x_wconf 89' lang='lat' dir='ltr'>gura</span> <span class='ocrx_word' id='word_1_51' title='bbox 1418 1084 1550 1165; x_wconf 87' lang='lat' dir='ltr'>est.</span> <span class='ocrx_word' id='word_1_52' title='bbox 1633 1082 1974 1191; x_wconf 85' lang='lat' dir='ltr'>Ideoque</span> <span class='ocrx_word' id='word_1_53' title='bbox 2019 1110 2063 1162; x_wconf 81' lang='lat' dir='ltr'>a</span> <span class='ocrx_word' id='word_1_54' title='bbox 2128 1080 2587 1188; x_wconf 69' lang='lat' dir='ltr'>,quibusdam</span> <span class='ocrx_word' id='word_1_55' title='bbox 2621 1104 2787 1171; x_wconf 83' lang='lat' dir='ltr'>tota</span> <span class='ocrx_word' id='word_1_56' title='bbox 2830 1106 2963 1163; x_wconf 43' lang='lat' dir='ltr'>res*</span> <span class='ocrx_word' id='word_1_57' title='bbox 2989 1081 3349 1189; x_wconf 84' lang='lat' dir='ltr'>repudiatur.</span> 
     </span>
     <span class='ocr_line' id='line_1_8' title="bbox 1183 1192 3349 1301; baseline -0.004 -23"><span class='ocrx_word' id='word_1_58' title='bbox 1183 1195 1342 1280; x_wconf 86' lang='lat' dir='ltr'>five</span> <span class='ocrx_word' id='word_1_59' title='bbox 1376 1194 1859 1301; x_wconf 82' lang='lat' dir='ltr'>intelligatur</span> <span class='ocrx_word' id='word_1_60' title='bbox 1907 1250 1931 1286; x_wconf 86' lang='lat'>‚</span> <span class='ocrx_word' id='word_1_61' title='bbox 1973 1192 2128 1276; x_wconf 85' lang='lat' dir='ltr'>five</span> <span class='ocrx_word' id='word_1_62' title='bbox 2190 1219 2371 1273; x_wconf 91' lang='lat' dir='ltr'>non.</span> <span class='ocrx_word' id='word_1_63' title='bbox 2458 1193 2606 1275; x_wconf 87' lang='lat' dir='ltr'>Sed</span> <span class='ocrx_word' id='word_1_64' title='bbox 2660 1194 2843 1276; x_wconf 89' lang='lat' dir='ltr'>licet</span> <span class='ocrx_word' id='word_1_65' title='bbox 2890 1194 3173 1276; x_wconf 89' lang='lat' dir='ltr'>modum</span> <span class='ocrx_word' id='word_1_66' title='bbox 3209 1192 3349 1271; x_wconf 84' lang='lat' dir='ltr'>adhi-</span> 
     </span>
     <span class='ocr_line' id='line_1_9' title="bbox 1174 1303 3352 1415; baseline -0.005 -23"><span class='ocrx_word' id='word_1_67' title='bbox 1174 1311 1384 1394; x_wconf 88' lang='lat' dir='ltr'>bere.</span> <span class='ocrx_word' id='word_1_68' title='bbox 1493 1310 1883 1415; x_wconf 85' lang='lat' dir='ltr'>Imprimis</span> <span class='ocrx_word' id='word_1_69' title='bbox 1904 1364 1927 1393; x_wconf 89' lang='lat'>,</span> <span class='ocrx_word' id='word_1_70' title='bbox 1964 1333 2064 1385; x_wconf 79' lang='lat' dir='ltr'>ne</span> <span class='ocrx_word' id='word_1_71' title='bbox 2102 1303 2246 1386; x_wconf 75' lang='lat' dir='ltr'>{int</span> <span class='ocrx_word' id='word_1_72' title='bbox 2283 1306 2721 1410; x_wconf 80' lang='lat' dir='ltr'>manifestae.</span> <span class='ocrx_word' id='word_1_73' title='bbox 2763 1313 2944 1388; x_wconf 87' lang='lat' dir='ltr'>Non</span> <span class='ocrx_word' id='word_1_74' title='bbox 2971 1328 3162 1387; x_wconf 89' lang='lat' dir='ltr'>erunt</span> <span class='ocrx_word' id='word_1_75' title='bbox 3178 1326 3352 1385; x_wconf 85' lang='lat' dir='ltr'>autem</span> 
     </span>
     <span class='ocr_line' id='line_1_10' title="bbox 1130 1416 3344 1527; baseline -0.006 -24"><span class='ocrx_word' id='word_1_76' title='bbox 1130 1488 1134 1493; x_wconf 83' lang='lat'><em>.</em></span> <span class='ocrx_word' id='word_1_77' title='bbox 1175 1422 1238 1503; x_wconf 91' lang='lat' dir='ltr'>s1</span> <span class='ocrx_word' id='word_1_78' title='bbox 1273 1448 1439 1502; x_wconf 87' lang='lat' dir='ltr'>non</span> <span class='ocrx_word' id='word_1_79' title='bbox 1474 1447 1575 1500; x_wconf 85' lang='lat' dir='ltr'>ex</span> <span class='ocrx_word' id='word_1_80' title='bbox 1620 1418 1874 1502; x_wconf 86' lang='lat' dir='ltr'>verbis</span> <span class='ocrx_word' id='word_1_81' title='bbox 1915 1417 2166 1498; x_wconf 89' lang='lat' dir='ltr'>dubiis</span> <span class='ocrx_word' id='word_1_82' title='bbox 2218 1421 2296 1497; x_wconf 87' lang='lat'>&amp;</span> <span class='ocrx_word' id='word_1_83' title='bbox 2336 1416 2544 1527; x_wconf 81' lang='lat' dir='ltr'>quasi</span> <span class='ocrx_word' id='word_1_84' title='bbox 2597 1418 3019 1526; x_wconf 84' lang='lat' dir='ltr'>duplicibus</span> <span class='ocrx_word' id='word_1_85' title='bbox 3058 1439 3344 1524; x_wconf 83' lang='lat' dir='ltr'>petentur.-</span> 
     </span>
     <span class='ocr_line' id='line_1_11' title="bbox 1178 1529 3346 1645; baseline -0.005 -30"><span class='ocrx_word' id='word_1_86' title='bbox 1178 1534 1426 1645; x_wconf 75' lang='lat' dir='ltr'>qualis</span> <span class='ocrx_word' id='word_1_87' title='bbox 1461 1533 1572 1613; x_wconf 90' lang='lat' dir='ltr'>est</span> <span class='ocrx_word' id='word_1_88' title='bbox 1605 1535 1689 1611; x_wconf 92' lang='lat' dir='ltr'>in</span> <span class='ocrx_word' id='word_1_89' title='bbox 1730 1529 2063 1636; x_wconf 72' lang='lat' dir='ltr'>suspesta</span> <span class='ocrx_word' id='word_1_90' title='bbox 2107 1556 2311 1610; x_wconf 91' lang='lat' dir='ltr'>nuru</span> <span class='ocrx_word' id='word_1_91' title='bbox 2374 1559 2393 1608; x_wconf 75' lang='grc' dir='ltr'><strong><em>ι</em></strong></span> <span class='ocrx_word' id='word_1_92' title='bbox 2456 1541 2663 1612; x_wconf 79' lang='lat' dir='ltr'>Duxi</span> <span class='ocrx_word' id='word_1_93' title='bbox 2708 1561 3026 1613; x_wconf 83' lang='lat' dir='ltr'>uxorem,</span> <span class='ocrx_word' id='word_1_94' title='bbox 3078 1560 3194 1640; x_wconf 74' lang='lat' dir='ltr'>qua</span> <span class='ocrx_word' id='word_1_95' title='bbox 3211 1531 3346 1638; x_wconf 73' lang='lat' dir='ltr'>pttri</span> 
     </span>
     <span class='ocr_line' id='line_1_12' title="bbox 1162 1639 3349 1761; baseline -0.005 -32"><span class='ocrx_word' id='word_1_96' title='bbox 1162 1651 1468 1761; x_wconf 84' lang='lat' dir='ltr'>placuit.</span> <span class='ocrx_word' id='word_1_97' title='bbox 1575 1649 1763 1732; x_wconf 88' lang='lat' dir='ltr'>Aut,</span> <span class='ocrx_word' id='word_1_98' title='bbox 1806 1640 2023 1750; x_wconf 93' lang='lat' dir='ltr'>quod</span> <span class='ocrx_word' id='word_1_99' title='bbox 2055 1641 2165 1723; x_wconf 88' lang='lat' dir='ltr'>est</span> <span class='ocrx_word' id='word_1_100' title='bbox 2200 1639 2451 1722; x_wconf 90' lang='lat' dir='ltr'>multo</span> <span class='ocrx_word' id='word_1_101' title='bbox 2483 1645 2824 1751; x_wconf 87' lang='lat' dir='ltr'>ineptius</span> <span class='ocrx_word' id='word_1_102' title='bbox 2849 1699 2872 1736; x_wconf 89' lang='lat'>‚</span> <span class='ocrx_word' id='word_1_103' title='bbox 2904 1639 3349 1749; x_wconf 76' lang='lat' dir='ltr'>compositioni·</span> 
     </span>
     <span class='ocr_line' id='line_1_13' title="bbox 1184 1751 3349 1862; baseline -0.006 -23"><span class='ocrx_word' id='word_1_104' title='bbox 1184 1761 1324 1839; x_wconf 89' lang='lat' dir='ltr'>bus</span> <span class='ocrx_word' id='word_1_105' title='bbox 1353 1756 1732 1860; x_wconf 85' lang='lat' dir='ltr'>ambiguis</span> <span class='ocrx_word' id='word_1_106' title='bbox 1766 1789 1790 1832; x_wconf 91' lang='lat'>.·</span> <span class='ocrx_word' id='word_1_107' title='bbox 1835 1775 1922 1834; x_wconf 95' lang='lat' dir='ltr'>ut</span> <span class='ocrx_word' id='word_1_108' title='bbox 1963 1753 2095 1835; x_wconf 91' lang='lat' dir='ltr'>illa</span> <span class='ocrx_word' id='word_1_109' title='bbox 2152 1755 2676 1837; x_wconf 83' lang='lat' dir='ltr'>controverfia</span> <span class='ocrx_word' id='word_1_110' title='bbox 2748 1812 2773 1849; x_wconf 91' lang='lat'>,</span> <span class='ocrx_word' id='word_1_111' title='bbox 2837 1761 2919 1836; x_wconf 88' lang='lat' dir='ltr'>in</span> <span class='ocrx_word' id='word_1_112' title='bbox 2980 1783 3107 1862; x_wconf 89' lang='lat' dir='ltr'>qua</span> <span class='ocrx_word' id='word_1_113' title='bbox 3138 1751 3349 1830; x_wconf 74' lang='lat' dir='ltr'>infamis</span> 
     </span>
     <span class='ocr_line' id='line_1_14' title="bbox 1183 1865 3350 1973; baseline -0.005 -26"><span class='ocrx_word' id='word_1_114' title='bbox 1183 1894 1457 1947; x_wconf 88' lang='lat' dir='ltr'>amore</span> <span class='ocrx_word' id='word_1_115' title='bbox 1498 1869 1817 1973; x_wconf 84' lang='lat' dir='ltr'>virginis</span> <span class='ocrx_word' id='word_1_116' title='bbox 1862 1865 2044 1947; x_wconf 85' lang='lat' dir='ltr'>filiae</span> <span class='ocrx_word' id='word_1_117' title='bbox 2088 1889 2306 1973; x_wconf 90' lang='lat' dir='ltr'>pater</span> <span class='ocrx_word' id='word_1_118' title='bbox 2357 1889 2661 1972; x_wconf 81' lang='lat' dir='ltr'>raptam</span> <span class='ocrx_word' id='word_1_119' title='bbox 2749 1896 2927 1949; x_wconf 87' lang='lat' dir='ltr'>eam</span> <span class='ocrx_word' id='word_1_120' title='bbox 2975 1871 3350 1967; x_wconf 83' lang='lat' dir='ltr'>interrogata</span> 
     </span>
     <span class='ocr_line' id='line_1_15' title="bbox 1178 1969 3349 2092; baseline -0.002 -32"><span class='ocrx_word' id='word_1_121' title='bbox 1178 2004 1342 2089; x_wconf 92' lang='lat' dir='ltr'>quo</span> <span class='ocrx_word' id='word_1_122' title='bbox 1394 1982 1661 2059; x_wconf 85' lang='lat' dir='ltr'>vitiata</span> <span class='ocrx_word' id='word_1_123' title='bbox 1694 1976 1828 2070; x_wconf 80' lang='lat' dir='ltr'>sit,·</span> <span class='ocrx_word' id='word_1_124' title='bbox 1888 1985 2093 2086; x_wconf 77' lang='lat' dir='ltr'>Qis</span> <span class='ocrx_word' id='word_1_125' title='bbox 2130 2005 2221 2065; x_wconf 82' lang='lat' dir='ltr'>te,</span> <span class='ocrx_word' id='word_1_126' title='bbox 2258 1982 2539 2086; x_wconf 84' lang='lat' dir='ltr'>inquit,</span> <span class='ocrx_word' id='word_1_127' title='bbox 2578 1990 2826 2092; x_wconf 79' lang='lat' dir='ltr'>rapuit</span> <span class='ocrx_word' id='word_1_128' title='bbox 2844 1988 2881 2061; x_wconf 85' lang='lat'><em>?</em></span> <span class='ocrx_word' id='word_1_129' title='bbox 2933 1969 3349 2091; x_wconf 69' lang='lat' dir='ltr'>Tupatertnefi</span> 
     </span>
     <span class='ocr_line' id='line_1_16' title="bbox 1178 2078 3355 2202; baseline 0 -29"><span class='ocrx_word' id='word_1_130' title='bbox 1178 2102 1289 2174; x_wconf 81' lang='lat' dir='ltr'>cis</span> <span class='ocrx_word' id='word_1_131' title='bbox 1328 2099 1366 2172; x_wconf 70' lang='grc' dir='ltr'><strong><em>ἓ</em></strong></span> <span class='ocrx_word' id='word_1_132' title='bbox 1420 2097 1576 2172; x_wconf 84' lang='lat' dir='ltr'>Res</span> <span class='ocrx_word' id='word_1_133' title='bbox 1601 2090 1777 2198; x_wconf 82' lang='lat' dir='ltr'>ipsae</span> <span class='ocrx_word' id='word_1_134' title='bbox 1813 2091 2238 2198; x_wconf 86' lang='lat' dir='ltr'>perducant</span> <span class='ocrx_word' id='word_1_135' title='bbox 2271 2091 2612 2192; x_wconf 86' lang='lat' dir='ltr'>judicem</span> <span class='ocrx_word' id='word_1_136' title='bbox 2634 2093 2738 2174; x_wconf 92' lang='lat' dir='ltr'>ad</span> <span class='ocrx_word' id='word_1_137' title='bbox 2778 2093 3220 2202; x_wconf 76' lang='lat' dir='ltr'>suspicionem</span> <span class='ocrx_word' id='word_1_138' title='bbox 3249 2139 3267 2173; x_wconf 74' lang='lat'>3</span> <span class='ocrx_word' id='word_1_139' title='bbox 3299 2078 3355 2162; x_wconf 68' lang='grc' dir='ltr'>ὃ(</span> 
     </span>
     <span class='ocr_line' id='line_1_17' title="bbox 1173 2202 3355 2314; baseline -0.006 -27"><span class='ocrx_word' id='word_1_140' title='bbox 1173 2204 1643 2287; x_wconf 87' lang='lat' dir='ltr'>amoliamur</span> <span class='ocrx_word' id='word_1_141' title='bbox 1676 2225 1951 2284; x_wconf 88' lang='lat' dir='ltr'>caetera</span> <span class='ocrx_word' id='word_1_142' title='bbox 1988 2262 2010 2288; x_wconf 92' lang='lat'>‚</span> <span class='ocrx_word' id='word_1_143' title='bbox 2079 2227 2163 2286; x_wconf 88' lang='lat' dir='ltr'>ut</span> <span class='ocrx_word' id='word_1_144' title='bbox 2202 2204 2354 2283; x_wconf 93' lang='lat' dir='ltr'>hoc</span> <span class='ocrx_word' id='word_1_145' title='bbox 2404 2202 2664 2284; x_wconf 88' lang='lat' dir='ltr'>solum</span> <span class='ocrx_word' id='word_1_146' title='bbox 2728 2204 3034 2314; x_wconf 86' lang='lat' dir='ltr'>superfit</span> <span class='ocrx_word' id='word_1_147' title='bbox 3083 2238 3102 2281; x_wconf 89' lang='grc'>.-</span> <span class='ocrx_word' id='word_1_148' title='bbox 3152 2204 3214 2278; x_wconf 88' lang='lat' dir='ltr'>in</span> <span class='ocrx_word' id='word_1_149' title='bbox 3245 2220 3355 2301; x_wconf 90' lang='lat' dir='ltr'>quo</span> 
     </span>
     <span class='ocr_line' id='line_1_18' title="bbox 1179 2310 3357 2421; baseline -0.006 -24"><span class='ocrx_word' id='word_1_150' title='bbox 1179 2317 1524 2397; x_wconf 87' lang='lat' dir='ltr'>multum</span> <span class='ocrx_word' id='word_1_151' title='bbox 1570 2319 1809 2395; x_wconf 89' lang='lat' dir='ltr'>etiam</span> <span class='ocrx_word' id='word_1_152' title='bbox 1856 2314 2161 2396; x_wconf 77' lang='lat' dir='ltr'>affectus</span> <span class='ocrx_word' id='word_1_153' title='bbox 2201 2319 2507 2415; x_wconf 87' lang='lat' dir='ltr'>juvant,</span> <span class='ocrx_word' id='word_1_154' title='bbox 2582 2322 2668 2399; x_wconf 74' lang='grc' dir='ltr'>ὃς</span> <span class='ocrx_word' id='word_1_155' title='bbox 2727 2323 3125 2421; x_wconf 82' lang='lat' dir='ltr'>interrupta</span> <span class='ocrx_word' id='word_1_156' title='bbox 3147 2310 3357 2389; x_wconf 84' lang='lat' dir='ltr'>filentio</span> 
     </span>
     <span class='ocr_line' id='line_1_19' title="bbox 1172 2424 3358 2531; baseline -0.005 -22"><span class='ocrx_word' id='word_1_157' title='bbox 1172 2429 1435 2512; x_wconf 56' lang='lat' dir='ltr'>dictio,</span> <span class='ocrx_word' id='word_1_158' title='bbox 1474 2433 1550 2506; x_wconf 73' lang='grc' dir='ltr'>ὅ(</span> <span class='ocrx_word' id='word_1_159' title='bbox 1583 2428 2119 2507; x_wconf 56' lang='lat' dir='ltr'>cunctationes</span> <span class='ocrx_word' id='word_1_160' title='bbox 2203 2429 2322 2508; x_wconf 91' lang='lat' dir='ltr'>Sic</span> <span class='ocrx_word' id='word_1_161' title='bbox 2355 2431 2571 2507; x_wconf 90' lang='lat' dir='ltr'>enim</span> <span class='ocrx_word' id='word_1_162' title='bbox 2613 2430 2760 2512; x_wconf 85' lang='lat' dir='ltr'>fiet</span> <span class='ocrx_word' id='word_1_163' title='bbox 2789 2487 2815 2523; x_wconf 86' lang='lat'>,</span> <span class='ocrx_word' id='word_1_164' title='bbox 2880 2452 2962 2513; x_wconf 92' lang='lat' dir='ltr'>ut</span> <span class='ocrx_word' id='word_1_165' title='bbox 3001 2424 3196 2531; x_wconf 80' lang='lat' dir='ltr'>judex</span> <span class='ocrx_word' id='word_1_166' title='bbox 3220 2445 3358 2528; x_wconf 79' lang='lat' dir='ltr'>quae·</span> 
     </span>
     <span class='ocr_line' id='line_1_20' title="bbox 1153 2531 3358 2648; baseline -0.004 -26"><span class='ocrx_word' id='word_1_167' title='bbox 1153 2564 1293 2622; x_wconf 77' lang='lat' dir='ltr'>rat</span> <span class='ocrx_word' id='word_1_168' title='bbox 1330 2537 1522 2622; x_wconf 91' lang='lat' dir='ltr'>illud</span> <span class='ocrx_word' id='word_1_169' title='bbox 1551 2539 1815 2621; x_wconf 88' lang='lat' dir='ltr'>nescio</span> <span class='ocrx_word' id='word_1_170' title='bbox 1840 2535 2081 2647; x_wconf 75' lang='lat' dir='ltr'>quid,</span> <span class='ocrx_word' id='word_1_171' title='bbox 2126 2538 2342 2648; x_wconf 91' lang='lat' dir='ltr'>quod</span> <span class='ocrx_word' id='word_1_172' title='bbox 2378 2536 2537 2648; x_wconf 88' lang='lat' dir='ltr'>ipse</span> <span class='ocrx_word' id='word_1_173' title='bbox 2578 2540 2897 2626; x_wconf 86' lang='lat' dir='ltr'>fortasse</span> <span class='ocrx_word' id='word_1_174' title='bbox 2924 2569 3074 2623; x_wconf 91' lang='lat' dir='ltr'>non</span> <span class='ocrx_word' id='word_1_175' title='bbox 3106 2531 3358 2617; x_wconf 84' lang='lat' dir='ltr'>crederet</span> 
     </span>
     <span class='ocr_line' id='line_1_21' title="bbox 1174 2642 3358 2760; baseline -0.003 -28"><span class='ocrx_word' id='word_1_176' title='bbox 1174 2651 1228 2732; x_wconf 79' lang='lat' dir='ltr'>si</span> <span class='ocrx_word' id='word_1_177' title='bbox 1266 2652 1563 2734; x_wconf 88' lang='lat' dir='ltr'>audiret</span> <span class='ocrx_word' id='word_1_178' title='bbox 1606 2689 1631 2730; x_wconf 92' lang='lat'>.·</span> <span class='ocrx_word' id='word_1_179' title='bbox 1669 2657 1747 2732; x_wconf 72' lang='grc' dir='ltr'>δε</span> <span class='ocrx_word' id='word_1_180' title='bbox 1782 2656 1854 2730; x_wconf 88' lang='lat' dir='ltr'>ei</span> <span class='ocrx_word' id='word_1_181' title='bbox 1881 2649 2159 2760; x_wconf 92' lang='lat' dir='ltr'>quoda</span> <span class='ocrx_word' id='word_1_182' title='bbox 2194 2652 2267 2734; x_wconf 89' lang='lat' dir='ltr'>se</span> <span class='ocrx_word' id='word_1_183' title='bbox 2300 2655 2715 2738; x_wconf 86' lang='lat' dir='ltr'>inventum</span> <span class='ocrx_word' id='word_1_184' title='bbox 2755 2656 3141 2742; x_wconf 82' lang='lat' dir='ltr'>existimat,</span> <span class='ocrx_word' id='word_1_185' title='bbox 3159 2642 3358 2730; x_wconf 74' lang='lat' dir='ltr'>credat·</span> 
     </span>
     <span class='ocr_line' id='line_1_22' title="bbox 1172 2762 3359 2870; baseline -0 -25"><span class='ocrx_word' id='word_1_186' title='bbox 1172 2764 1322 2845; x_wconf 88' lang='lat' dir='ltr'>Sed</span> <span class='ocrx_word' id='word_1_187' title='bbox 1360 2792 1458 2843; x_wconf 90' lang='lat' dir='ltr'>ne</span> <span class='ocrx_word' id='word_1_188' title='bbox 1492 2762 1546 2841; x_wconf 86' lang='lat' dir='ltr'>fi</span> <span class='ocrx_word' id='word_1_189' title='bbox 1584 2767 1904 2869; x_wconf 70' lang='lat' dir='ltr'>optimae</span> <span class='ocrx_word' id='word_1_190' title='bbox 1958 2762 2280 2870; x_wconf 88' lang='lat' dir='ltr'>quidem</span> <span class='ocrx_word' id='word_1_191' title='bbox 2326 2763 2474 2845; x_wconf 87' lang='lat' dir='ltr'>smt</span> <span class='ocrx_word' id='word_1_192' title='bbox 2516 2820 2541 2857; x_wconf 84' lang='lat'>‚</span> <span class='ocrx_word' id='word_1_193' title='bbox 2586 2767 2753 2848; x_wconf 56' lang='lat' dir='ltr'>‚esse</span> <span class='ocrx_word' id='word_1_194' title='bbox 2780 2768 3062 2849; x_wconf 86' lang='lat' dir='ltr'>debent</span> <span class='ocrx_word' id='word_1_195' title='bbox 3102 2763 3359 2867; x_wconf 77' lang='lat' dir='ltr'>frequen·</span> 
     </span>
     <span class='ocr_line' id='line_1_23' title="bbox 1160 2862 3362 2986; baseline -0.003 -29"><span class='ocrx_word' id='word_1_196' title='bbox 1160 2898 1301 2957; x_wconf 74' lang='lat' dir='ltr'>tes.</span> <span class='ocrx_word' id='word_1_197' title='bbox 1402 2883 1613 2957; x_wconf 89' lang='lat' dir='ltr'>Nam</span> <span class='ocrx_word' id='word_1_198' title='bbox 1657 2873 2026 2954; x_wconf 84' lang='lat' dir='ltr'>densitate</span> <span class='ocrx_word' id='word_1_199' title='bbox 2071 2875 2224 2981; x_wconf 90' lang='lat' dir='ltr'>ipsa</span> <span class='ocrx_word' id='word_1_200' title='bbox 2262 2876 2537 2983; x_wconf 84' lang='lat' dir='ltr'>figurae.</span> <span class='ocrx_word' id='word_1_201' title='bbox 2565 2885 3027 2986; x_wconf 89' lang='lat' dir='ltr'>aperiuntur</span> <span class='ocrx_word' id='word_1_202' title='bbox 3093 2933 3113 2961; x_wconf 88' lang='lat'><em>,</em></span> <span class='ocrx_word' id='word_1_203' title='bbox 3149 2897 3261 2953; x_wconf 88' lang='lat' dir='ltr'>nec</span> <span class='ocrx_word' id='word_1_204' title='bbox 3289 2862 3362 2945; x_wconf 83' lang='lat' dir='ltr'>of·</span> 
     </span>
     <span class='ocr_line' id='line_1_24' title="bbox 1163 2979 3366 3098; baseline -0.001 -29"><span class='ocrx_word' id='word_1_205' title='bbox 1163 2988 1388 3083; x_wconf 80' lang='lat' dir='ltr'>fensae</span> <span class='ocrx_word' id='word_1_206' title='bbox 1425 2990 1680 3067; x_wconf 89' lang='lat' dir='ltr'>minus</span> <span class='ocrx_word' id='word_1_207' title='bbox 1714 2987 2042 3080; x_wconf 89' lang='lat' dir='ltr'>habent,</span> <span class='ocrx_word' id='word_1_208' title='bbox 2082 2987 2213 3068; x_wconf 91' lang='lat' dir='ltr'>sed</span> <span class='ocrx_word' id='word_1_209' title='bbox 2253 2990 2749 3076; x_wconf 67' lang='lat' dir='ltr'>auctoritatis.</span> <span class='ocrx_word' id='word_1_210' title='bbox 2832 2999 3003 3074; x_wconf 89' lang='lat' dir='ltr'>Nec</span> <span class='ocrx_word' id='word_1_211' title='bbox 3048 2983 3256 3098; x_wconf 82' lang='lat' dir='ltr'>pudor</span> <span class='ocrx_word' id='word_1_212' title='bbox 3290 2979 3366 3060; x_wconf 76' lang='lat' dir='ltr'>vi-</span> 
     </span>
     <span class='ocr_line' id='line_1_25' title="bbox 1168 3095 3421 3208; baseline -0.001 -28"><span class='ocrx_word' id='word_1_213' title='bbox 1168 3100 1399 3181; x_wconf 90' lang='lat' dir='ltr'>detur</span> <span class='ocrx_word' id='word_1_214' title='bbox 1435 3099 1653 3208; x_wconf 90' lang='lat' dir='ltr'>quod</span> <span class='ocrx_word' id='word_1_215' title='bbox 1686 3125 1849 3178; x_wconf 91' lang='lat' dir='ltr'>non</span> <span class='ocrx_word' id='word_1_216' title='bbox 1903 3098 2157 3205; x_wconf 88' lang='lat' dir='ltr'>palam</span> <span class='ocrx_word' id='word_1_217' title='bbox 2211 3100 2525 3203; x_wconf 85' lang='lat' dir='ltr'>objicias</span> <span class='ocrx_word' id='word_1_218' title='bbox 2570 3158 2598 3194; x_wconf 85' lang='lat'><strong>,</strong></span> <span class='ocrx_word' id='word_1_219' title='bbox 2685 3103 2826 3186; x_wconf 87' lang='lat' dir='ltr'>sed</span> <span class='ocrx_word' id='word_1_220' title='bbox 2865 3101 3260 3186; x_wconf 70' lang='lat' dir='ltr'>diffidentia</span> <span class='ocrx_word' id='word_1_221' title='bbox 3300 3095 3359 3167; x_wconf 80' lang='lat' dir='ltr'>ln</span> <span class='ocrx_word' id='word_1_222' title='bbox 3420 3135 3421 3158; x_wconf 45' lang='grc' dir='ltr'>ι</span> 
     </span>
     <span class='ocr_line' id='line_1_26' title="bbox 1167 3208 3361 3325; baseline 0.002 -36"><span class='ocrx_word' id='word_1_223' title='bbox 1167 3210 1466 3291; x_wconf 87' lang='lat' dir='ltr'>summa</span> <span class='ocrx_word' id='word_1_224' title='bbox 1492 3266 1516 3301; x_wconf 88' lang='lat'>,</span> <span class='ocrx_word' id='word_1_225' title='bbox 1571 3208 1671 3290; x_wconf 83' lang='lat' dir='ltr'>fic</span> <span class='ocrx_word' id='word_1_226' title='bbox 1712 3214 2054 3291; x_wconf 86' lang='lat' dir='ltr'>maxime</span> <span class='ocrx_word' id='word_1_227' title='bbox 2085 3210 2319 3312; x_wconf 83' lang='lat' dir='ltr'>judex</span> <span class='ocrx_word' id='word_1_228' title='bbox 2360 3214 2609 3295; x_wconf 84' lang='lat' dir='ltr'>credit</span> <span class='ocrx_word' id='word_1_229' title='bbox 2652 3216 2935 3325; x_wconf 87' lang='lat' dir='ltr'>figuris</span> <span class='ocrx_word' id='word_1_230' title='bbox 2966 3275 2988 3311; x_wconf 90' lang='lat'>‚</span> <span class='ocrx_word' id='word_1_231' title='bbox 3048 3214 3102 3296; x_wconf 88' lang='lat' dir='ltr'><strong>fi</strong></span> <span class='ocrx_word' id='word_1_232' title='bbox 3149 3228 3361 3310; x_wconf 56' lang='lat' dir='ltr'>nosptv</span> 
     </span>
     <span class='ocr_line' id='line_1_27' title="bbox 1175 3319 3360 3440; baseline -0.003 -37"><span class='ocrx_word' id='word_1_233' title='bbox 1175 3344 1287 3403; x_wconf 89' lang='lat' dir='ltr'>tat</span> <span class='ocrx_word' id='word_1_234' title='bbox 1321 3321 1530 3404; x_wconf 90' lang='lat' dir='ltr'>nolle</span> <span class='ocrx_word' id='word_1_235' title='bbox 1564 3321 1853 3402; x_wconf 87' lang='lat' dir='ltr'>dicere.</span> <span class='ocrx_word' id='word_1_236' title='bbox 1958 3323 2342 3432; x_wconf 85' lang='lat' dir='ltr'>Equidem</span> <span class='ocrx_word' id='word_1_237' title='bbox 2374 3327 2863 3440; x_wconf 88' lang='lat' dir='ltr'>quandoque</span> <span class='ocrx_word' id='word_1_238' title='bbox 2886 3337 2966 3415; x_wconf 70' lang='grc' dir='ltr'>ὅ(</span> <span class='ocrx_word' id='word_1_239' title='bbox 2998 3333 3075 3410; x_wconf 89' lang='lat' dir='ltr'>in</span> <span class='ocrx_word' id='word_1_240' title='bbox 3107 3319 3360 3435; x_wconf 71' lang='lat' dir='ltr'>personas</span> 
     </span>
     <span class='ocr_line' id='line_1_28' title="bbox 1165 3434 3364 3550; baseline -0.003 -37"><span class='ocrx_word' id='word_1_241' title='bbox 1165 3434 1401 3516; x_wconf 88' lang='lat' dir='ltr'>incidi</span> <span class='ocrx_word' id='word_1_242' title='bbox 1438 3434 1671 3527; x_wconf 69' lang='lat' dir='ltr'>tales,</span> <span class='ocrx_word' id='word_1_243' title='bbox 1733 3440 1815 3515; x_wconf 70' lang='grc' dir='ltr'>ὅ(</span> <span class='ocrx_word' id='word_1_244' title='bbox 1859 3437 1941 3515; x_wconf 89' lang='lat' dir='ltr'>in</span> <span class='ocrx_word' id='word_1_245' title='bbox 1976 3463 2144 3515; x_wconf 90' lang='lat' dir='ltr'>rem</span> <span class='ocrx_word' id='word_1_246' title='bbox 2186 3462 2499 3547; x_wconf 87' lang='lat' dir='ltr'>quoque</span> <span class='ocrx_word' id='word_1_247' title='bbox 2557 3449 2589 3536; x_wconf 88' lang='grc'><strong>(</strong></span> <span class='ocrx_word' id='word_1_248' title='bbox 2629 3444 2867 3550; x_wconf 81' lang='lat' dir='ltr'>quod</span> <span class='ocrx_word' id='word_1_249' title='bbox 2906 3444 3015 3525; x_wconf 79' lang='lat' dir='ltr'>est</span> <span class='ocrx_word' id='word_1_250' title='bbox 3052 3438 3260 3544; x_wconf 78' lang='lat' dir='ltr'>magis</span> <span class='ocrx_word' id='word_1_251' title='bbox 3298 3453 3364 3507; x_wconf 78' lang='lat' dir='ltr'>ra·</span> 
     </span>
     <span class='ocr_line' id='line_1_29' title="bbox 1158 3523 3421 3665; baseline -0 -35"><span class='ocrx_word' id='word_1_252' title='bbox 1158 3575 1337 3630; x_wconf 85' lang='lat' dir='ltr'>rum</span> <span class='ocrx_word' id='word_1_253' title='bbox 1355 3552 1394 3648; x_wconf 95' lang='lat'><em>)</em></span> <span class='ocrx_word' id='word_1_254' title='bbox 1433 3573 1606 3658; x_wconf 77' lang='lat' dir='ltr'>qua:</span> <span class='ocrx_word' id='word_1_255' title='bbox 1641 3545 1980 3629; x_wconf 87' lang='lat' dir='ltr'>obtineri</span> <span class='ocrx_word' id='word_1_256' title='bbox 2011 3546 2148 3627; x_wconf 86' lang='lat' dir='ltr'>nifi</span> <span class='ocrx_word' id='word_1_257' title='bbox 2191 3548 2337 3632; x_wconf 90' lang='lat' dir='ltr'>hac</span> <span class='ocrx_word' id='word_1_258' title='bbox 2382 3572 2545 3631; x_wconf 88' lang='lat' dir='ltr'>arte</span> <span class='ocrx_word' id='word_1_259' title='bbox 2587 3580 2772 3638; x_wconf 88' lang='lat' dir='ltr'>non</span> <span class='ocrx_word' id='word_1_260' title='bbox 2811 3555 3074 3665; x_wconf 79' lang='lat' dir='ltr'>polset.</span> <span class='ocrx_word' id='word_1_261' title='bbox 3192 3551 3365 3630; x_wconf 77' lang='lat' dir='ltr'>Ream</span> <span class='ocrx_word' id='word_1_262' title='bbox 3420 3523 3421 3584; x_wconf 36' lang='grc' dir='ltr'>ι</span> 
     </span>
     <span class='ocr_line' id='line_1_30' title="bbox 1157 3658 3421 3766; baseline 0.003 -26"><span class='ocrx_word' id='word_1_263' title='bbox 1157 3661 1454 3750; x_wconf 85' lang='lat' dir='ltr'>tuebar,</span> <span class='ocrx_word' id='word_1_264' title='bbox 1487 3687 1657 3766; x_wconf 83' lang='lat' dir='ltr'>quae</span> <span class='ocrx_word' id='word_1_265' title='bbox 1694 3659 2075 3761; x_wconf 75' lang='lat' dir='ltr'>subjeciffe</span> <span class='ocrx_word' id='word_1_266' title='bbox 2112 3658 2503 3742; x_wconf 86' lang='lat' dir='ltr'>dicebatur</span> <span class='ocrx_word' id='word_1_267' title='bbox 2535 3672 2855 3749; x_wconf 88' lang='lat' dir='ltr'>marito</span> <span class='ocrx_word' id='word_1_268' title='bbox 2888 3669 3363 3751; x_wconf 82' lang='lat' dir='ltr'>testamentum:</span> <span class='ocrx_word' id='word_1_269' title='bbox 3420 3699 3421 3746; x_wconf 67' lang='grc' dir='ltr'>ι</span> 
     </span>
     <span class='ocr_line' id='line_1_31' title="bbox 1152 3771 3369 3890; baseline 0.002 -39"><span class='ocrx_word' id='word_1_270' title='bbox 1152 3777 1236 3851; x_wconf 86' lang='lat'>&amp;</span> <span class='ocrx_word' id='word_1_271' title='bbox 1277 3771 1673 3853; x_wconf 88' lang='lat' dir='ltr'>dicebatur</span> <span class='ocrx_word' id='word_1_272' title='bbox 1697 3827 1721 3862; x_wconf 87' lang='lat'><strong>,</strong></span> <span class='ocrx_word' id='word_1_273' title='bbox 1757 3771 2371 3879; x_wconf 87' lang='lat' dir='ltr'>chirographum</span> <span class='ocrx_word' id='word_1_274' title='bbox 2410 3777 2711 3860; x_wconf 87' lang='lat' dir='ltr'>marito</span> <span class='ocrx_word' id='word_1_275' title='bbox 2746 3782 3174 3890; x_wconf 82' lang='lat' dir='ltr'>exspirante</span> <span class='ocrx_word' id='word_1_276' title='bbox 3204 3774 3369 3855; x_wconf 73' lang='lat' dir='ltr'>haere·</span> 
     </span>
     <span class='ocr_line' id='line_1_32' title="bbox 1152 3877 3421 4002; baseline 0.007 -40"><span class='ocrx_word' id='word_1_277' title='bbox 1152 3880 1290 3963; x_wconf 87' lang='lat' dir='ltr'>des</span> <span class='ocrx_word' id='word_1_278' title='bbox 1321 3881 1639 3965; x_wconf 71' lang='lat' dir='ltr'>dedisse:</span> <span class='ocrx_word' id='word_1_279' title='bbox 1669 3889 1749 3964; x_wconf 85' lang='lat'>&amp;</span> <span class='ocrx_word' id='word_1_280' title='bbox 1783 3912 2055 3966; x_wconf 85' lang='lat' dir='ltr'>verum</span> <span class='ocrx_word' id='word_1_281' title='bbox 2087 3906 2271 3964; x_wconf 88' lang='lat' dir='ltr'>erat.</span> <span class='ocrx_word' id='word_1_282' title='bbox 2337 3891 2544 3967; x_wconf 90' lang='lat' dir='ltr'>Nam</span> <span class='ocrx_word' id='word_1_283' title='bbox 2584 3897 2785 3999; x_wconf 89' lang='lat' dir='ltr'>quia</span> <span class='ocrx_word' id='word_1_284' title='bbox 2815 3922 2963 4002; x_wconf 91' lang='lat' dir='ltr'>per</span> <span class='ocrx_word' id='word_1_285' title='bbox 3000 3895 3187 4002; x_wconf 84' lang='lat' dir='ltr'>leges</span> <span class='ocrx_word' id='word_1_286' title='bbox 3223 3877 3370 3964; x_wconf 77' lang='lat' dir='ltr'>issffi⁴</span> <span class='ocrx_word' id='word_1_287' title='bbox 3420 3963 3421 3984; x_wconf 17' lang='grc' dir='ltr'>ᾗ</span> 
     </span>
     <span class='ocr_line' id='line_1_33' title="bbox 1108 3983 3421 4118; baseline 0 -36"><span class='ocrx_word' id='word_1_288' title='bbox 1108 4035 1111 4039; x_wconf 45' lang='grc'>“</span> <span class='ocrx_word' id='word_1_289' title='bbox 1147 3997 1262 4106; x_wconf 58' lang='lat' dir='ltr'>gii</span> <span class='ocrx_word' id='word_1_290' title='bbox 1295 4023 1495 4107; x_wconf 83' lang='lat' dir='ltr'>uxor</span> <span class='ocrx_word' id='word_1_291' title='bbox 1534 4021 1702 4079; x_wconf 86' lang='lat' dir='ltr'>non</span> <span class='ocrx_word' id='word_1_292' title='bbox 1740 4017 2052 4107; x_wconf 84' lang='lat' dir='ltr'>poterat</span> <span class='ocrx_word' id='word_1_293' title='bbox 2082 3996 2367 4108; x_wconf 54' lang='lat' dir='ltr'>lares,</span> <span class='ocrx_word' id='word_1_294' title='bbox 2440 3997 2527 4085; x_wconf 86' lang='lat' dir='ltr'>id</span> <span class='ocrx_word' id='word_1_295' title='bbox 2559 4001 2839 4116; x_wconf 81' lang='lat' dir='ltr'>fuerat</span> <span class='ocrx_word' id='word_1_296' title='bbox 2876 4010 3151 4118; x_wconf 60' lang='lat' dir='ltr'>astum,</span> <span class='ocrx_word' id='word_1_297' title='bbox 3193 4020 3259 4082; x_wconf 81' lang='lat' dir='ltr'>ut</span> <span class='ocrx_word' id='word_1_298' title='bbox 3291 3983 3373 4067; x_wconf 89' lang='lat' dir='ltr'>ad</span> <span class='ocrx_word' id='word_1_299' title='bbox 3420 4051 3421 4114; x_wconf 25' lang='grc' dir='ltr'>ψ</span> 
     </span>
     <span class='ocr_line' id='line_1_34' title="bbox 3234 4126 3421 4191; baseline -0.005 -42"><span class='ocrx_word' id='word_1_300' title='bbox 3234 4126 3374 4191; x_wconf 61' lang='lat' dir='ltr'>eam</span> <span class='ocrx_word' id='word_1_301' title='bbox 3420 4127 3421 4148; x_wconf 23' lang='grc' dir='ltr'><strong><em>Ν</em></strong></span> 
     </span>
    </p>
   </div>
  </div>
 </body>
</html>
