3557 5113
280 225 497 386 De
517 217 961 425 Instit.
1012 224 1724 398 Oratoria,
1754 221 2055 379 Lib.
2083 220 2354 394 III.
2572 262 2778 371 ⁴175

207 551 378 656 plura
424 569 959 655 opponuntur:
1053 555 1135 633 &
1195 547 1385 634 sicut
1431 552 1510 633 in
1549 552 1820 635 colore
1853 555 2138 635 dicitur
2183 584 2445 654 narra-
2468 581 2535 660 C
2553 601 2596 652 A
2627 602 2689 657 p,
2724 569 2866 658 v'1‚2

209 666 389 742 tionis
402 659 435 751 ,‘
455 689 635 742 eum
691 662 838 743 effe
875 666 1266 770 optimum
1288 722 1311 756 ‚
1366 693 1606 774 quem
1662 670 1879 747 actor
1918 671 2215 773 optime
2274 692 2441 750 tue-

210 796 361 854 atur:
416 776 518 854 ita
565 776 1058 883 hic·quoque·
1096 778 1305 882 posse
1342 776 1544 868 dici,
1593 805 1778 858 eum
1833 780 2299 859 statum-effe
2330 782 2440 860 fa-
2526 833 2538 844 -

206 884 537 978 ciendum,
598 887 682 966 in
718 915 883 995 quo
928 889 1223 969 tuendo
1265 890 1694 996 plurimum
1730 889 2098 970 adhibere
2151 895 2448 973 virium
2491 971 2498 984 ,

204 996 380 1102 possit
421 1023 701 1079 orator.
819 999 1156 1108 Ideoque
1203 1029 1350 1107 pro
1403 1001 1705 1081 Milone
1732 1057 1753 1091 ‚
1810 1001 2018 1081 aliud
2071 1007 2437 1083 Ciceroni
2517 1033 2525 1043 ·

205 1114 400 1215 agenti
433 1111 760 1217 placuit,
823 1112 1033 1193 aliud
1066 1118 1354 1204 Bruto,
1413 1141 1596 1192 cum
1641 1117 2213 1195 exercitationis
2261 1143 2444 1221 gra...

211 1224 286 1299 tia
318 1246 806 1328 componeret
861 1229 1334 1306 orationem:
1404 1252 1591 1305 cum
1643 1223 1775 1303 ille
1829 1230 2000 1326 jure
2063 1247 2436 1333 tanquam

202 1332 661 1414 infidiatorem
703 1335 1044 1416 occisum
1065 1392 1087 1427 ,
1148 1344 1230 1419 &
1295 1360 1560 1417 tamen
1617 1364 1780 1415 non
1834 1337 2149 1416 Milonis
2199 1336 2438 1417 confi·

204 1444 317 1536 lio,
349 1444 669 1527 dixerit:
738 1447 864 1526 hic
922 1452 1161 1528 etiam
1220 1448 1596 1555 gloriatus
1647 1445 1741 1527 fit
1781 1447 2038 1526 occiso
2076 1447 2289 1528 malo
2332 1454 2438 1528 ci-

203 1584 283 1636 ve.
357 1564 429 1638 In
476 1561 911 1662 conjunctis
952 1588 1142 1642 vero
1196 1560 1403 1667 posse
1456 1560 1648 1644 duos
1707 1565 1789 1640 ὅ(
1848 1582 2001 1639 tres
2066 1562 2435 1645 inveniri„

197 1670 289 1747 vel
315 1669 678 1753 diversos:
743 1697 827 1750 ut
867 1670 926 1751 si
968 1676 1138 1781 quis
1179 1671 1388 1752 aliud
1431 1672 1502 1751 se
1541 1698 1706 1752 non
1742 1669 2039 1762 fecisse,
2083 1671 2291 1750 aliud
2325 1699 2439 1752 re-

196 1781 281 1861 ste
322 1783 543 1864 feciss'e
590 1779 1000 1864 defendat:
1063 1784 1193 1866 vel
1230 1787 1537 1890 generis
1593 1780 1935 1885 ejusdem
1957 1839 1986 1874 ,
2034 1805 2120 1862 ut
2169 1782 2226 1862 si
2263 1788 2435 1890 quis

197 1888 314 1973 duo
346 1899 663 1975 crimina
711 1895 839 1978 vel
879 1899 1145 1976 omnia
1202 1919 1457 2003 neget.
1569 1893 1811 1998 Qod
1858 1893 2137 1975 accidit
2196 1907 2437 1975 etiarn

196 2001 337 2085 fi'de
377 2035 521 2086 una-
573 2036 667 2088 re
722 2030 1108 2115 quaeratur
1159 2008 1418 2116 aliqua
1444 2006 1495 2098 -‚'
1557 2006 1687 2086 sed
1751 2034 1926 2086 earn
1982 2007 2241 2113 plures
2293 2033 2438 2114 'pe-

194 2137 352 2202 tant,
398 2121 513 2199 vel
557 2117 852 2200 eodem
897 2124 1065 2224 jure
1089 2178 1110 2212 ,
1162 2142 1247 2199 ut
1283 2121 1845 2227 proximitatis3
1935 2120 2060 2198 vel
2105 2117 2437 2208 diverso,

194 2253 259 2306 ut
291 2258 443 2311 cum
482 2233 608 2313 hic
645 2233 1106 2312 testamento
1128 2288 1153 2322 ,
1175 2232 1306 2311 ille
1347 2232 1848 2339 proximitate
1885 2233 2194 2309 nitatur.
2222 2236 2439 2329 Qo-

194 2345 302 2418 ties
348 2365 584 2424 autem
656 2344 869 2424 aliud
923 2344 1054 2424 alii
1102 2347 1423 2450 petitori
1484 2345 1913 2449 opponitur
1947 2397 1976 2432 ,
2040 2339 2443 2422 diffimiles

193 2451 311 2530 ess'e
353 2454 543 2536 status
586 2455 890 2535 neceffe
941 2455 1087 2536 est:
1155 2479 1241 2535 ut
1303 2459 1385 2535 in
1445 2454 1576 2534 illa
1623 2452 2189 2543 controversia,
2235 2454 2447 2560 Testa-

192 2590 395 2645 menta
444 2569 706 2679 legibus
728 2573 947 2677 fhc‘Ja
963 2626 986 2654 ‚
1043 2593 1210 2649 rata
1240 2569 1409 2677 sint.
1529 2569 2014 2671 Intqstatorum
2060 2588 2453 2677 parentum

190 2674 366 2758 liberi
384 2679 676 2762 heredes
688 2683 863 2790 fint.
958 2680 1345 2761 Abdicatus
1375 2709 1465 2760 ne
1507 2680 1696 2789 quid
1717 2679 1806 2758 de
1844 2677 2037 2758 bonis
2067 2686 2302 2790 patr&
2337 2709 2455 2758 ca-

185 2797 322 2894 piaet.
401 2793 673 2874 Notbus
723 2818 897 2874 ante
941 2796 1344 2902 legitimum
1388 2816 1638 2899 natas,
1664 2795 2043 2901 legitimus
2058 2793 2269 2897 filius
2302 2792 2404 2896 fit
2420 2825 2447 2867 .-

180 2904 296 3007 pest
314 2906 694 3014 legitimum
747 2932 959 2985 natm
972 2962 993 2995 ,
1047 2929 1332 2985 tantum
1371 2911 1563 2984 civisz
1660 2919 1745 2982 In
1784 2903 2229 3013 adoptionem
2268 2902 2444 2981 dare

189 3015 369 3092 liceat.
484 3034 569 3098 In
628 3018 1075 3128 adoptionem
1124 3018 1290 3097 dato
1337 3018 1569 3096 redire
1631 3023 1715 3094 in
1747 3019 2136 3122 fhmt'liam
2185 3018 2396 3095 liceat
2418 3068 2441 3103 ‚

170 3125 229 3227 fi
254 3152 425 3234 pater
467 3133 830 3212 naturalis
855 3132 1015 3239 stne
1067 3129 1308 3210 libertis
1353 3124 1714 3231 decffrit.
1797 3130 1957 3226 Qi
1997 3152 2096 3204 ex
2139 3124 2442 3205 duobus

188 3233 481 3342 legitimis
546 3244 890 3323 alterum
956 3246 1039 3321 in
1087 3240 1603 3345 adoptionem
1674 3234 1992 3315 dederat
2017 3290 2039 3325 ,
2105 3236 2441 3314 alterum

192 3348 642 3447 abdicaverat,
725 3353 1020 3435 sustulit
1086 3351 1470 3441 nothum,
1537 3348 1892 3428 instituto
1948 3345 2253 3427 haerede
2307 3347 2437 3426 ab-

196 3455 388 3543 dicato
436 3463 780 3546 decessit.
932 3473 1231 3546 Omnes
1286 3488 1437 3543 tres
1493 3459 1590 3540 de
1648 3462 1870 3540 bonis
1932 3458 2437 3539 contendunt.

201 3568 391 3666 Βῖθυν,
438 3583 574 3687 qui
645 3606 813 3658 non
859 3577 951 3659 fit
1003 3578 1444 3685 legitimus,
1517 3578 1767 3654 Graeci
1817 3595 2144 3654 vocant:
2223 3574 2441 3652 Lati·-

200 3705 345 3764 num
384 3696 475 3769 rei
522 3718 831 3771 nomen
872 3747 895 3782 ,
961 3711 1052 3771 ut
1102 3697 1300 3771 Cato
1354 3689 1690 3796 quoque'
1717 3690 1801 3765 in
1852 3688 2206 3787 oratione
2253 3710 2436 3792 qua-

194 3788 338 3875 dam
377 3803 665 3884 testatus
698 3803 856 3894 est,
917 3830 1080 3882 non
1139 3802 1548 3909 habemus,
1590 3797 1926 3906 ideoque
1954 3800 2250 3877 utimur
2298 3816 2435 3903 pe·-

180 3915 449 4012 regdno.
542 3914 703 3995 Sed
766 3912 863 3993 ad
905 3912 1407 4021 proposltum.
1497 3911 1809 3992 Haeredi
1861 3910 2146 4017 scripto
2191 3926 2436 4014 oppo-

175 4026 342 4105 mt'ur
383 4026 507 4109 lex
520 4083 547 4123 ,
603 4024 998 4109 Abdicatus
1031 4058 1120 4110 ne
1165 4028 1351 4139 quid
1377 4028 1464 4107 de
1510 4025 1700 4106 bomsse
1737 4031 1975 4136 patris·
2027 4028 2264 4133 capiat
2281 4017 2437 4208 :stfit

2365 4155 2444 4211 a..
