3557 5113
273 181 2370 534 Delnstzzomtoriastabxss.
2567 333 2811 440 715.

182 607 600 717 sequuntur.
692 611 1230 706 Concedamus
1269 614 1445 696 {ane
1475 612 1743 725 (quod
1795 615 2126 726 minime
2182 637 2450 697 natura
2530 589 2715 669 ΕΗ·
2753 589 2812 664 ¹²
2870 695 2871 698 x

172 726 539 839 patiatur)
579 749 976 832 repertum
1009 728 1153 809 effe
1200 728 1539 836 aliquem
1565 727 1887 822 ‘malum
1937 729 2198 809 virum
2239 726 2444 811 sum?

179 861 297 913 me
346 833 713 917 disertum
775 874 799 917 .·
879 839 1124 934 nihilo
1170 862 1431 921 tamen
1499 843 1752 920 minus
1811 860 2208 918 oratorem
2271 866 2455 924 eum

176 947 531 1051 negaba,
583 953 789 1029 Nam
815 977 958 1031 nec
988 952 1355 1034 omnibus
1451 955 1531 1031 ui
1588 952 1876 1031 fuerint
1915 978 2151 1030 manu
2186 939 2456 1055 prom*-

176 1062 276 1147 ti,
343 1061 491 1138 viri
537 1058 757 1142 fortis
803 1088 1094 1143 nomen
1134 978 1636 1145 conccfflerim
1691 1118 1716 1147 ‚
1781 1065 1963 1168 quia
2017 1060 2173 1141 fine
2225 1065 2454 1143 virtu-

173 1191 243 1249 te
281 1169 614 1279 intelligi
655 1201 820 1254 non
866 1174 1116 1281 potest
1146 1173 1552 1258 fortitudo.
1614 1179 1741 1253 An
1780 1175 1852 1252 ei
1889 1178 2022 1280 qui
2059 1173 2156 1253 ad
2199 1167 2465 1254 defen*-

165 1278 455 1362 dendas
497 1283 744 1366 causas
802 1284 1254 1380 advocatur,
1305 1313 1470 1368 non
1524 1284 1634 1365 est
1690 1302 1905 1391 opus·
1946 1283 2103 1364 fide
2134 1340 2157 1375 ‚
2221 1307 2460 1393 quam

153 1420 297 1472 nec
339 1394 720 1502 cupiditas
758 1424 1208 1507 corrumpat
1239 1457 1266 1485 ‚
1313 1426 1461 1478 nec
1500 1398 1745 1504 gratia
1776 1417 2089 1478 avertat,
2129 1424 2272 1475 nec
2296 1421 2454 1479 me-

156 1525 269 1584 tus
315 1505 626 1615 frangat
654 1566 679 1595 ‚
743 1508 871 1589 fied
907 1513 1397 1617 proditorem
1444 1566 1470 1602 ,
1539 1509 2015 1614 transfugam
2068 1561 2094 1598 ‚
2163 1525 2449 1614 praevass-

154 1620 582 1700 ricatorem
652 1618 1111 1707 donabimus
1190 1624 1522 1706 oratoris
1577 1619 1715 1700 illo
1783 1620 1992 1700 sacro
2064 1622 2449 1698 nomine?

151 1728 398 1832 Qod
437 1728 496 1830 fi
559 1732 1076 1819 mediocribus
1153 1739 1390 1819 etiam
1427 1733 1772 1841 patronis
1837 1734 2205 1813 convenit
2278 1730 2443 1811 haee

142 1866 320 1948 quae
355 1842 605 1950 vulgo
651 1844 932 1929 dicitur
983 1848 1306 1942 bonitas,
1381 1872 1524 1927 cur
1578 1870 1744 1925 non
1804 1862 2071 1923 orator
2119 1840 2265 1951 ille¹
2312 1845 2448 1949 qui

137 1951 515 2033 nondum
549 1954 695 2036 fuit
727 2014 752 2048 ,
808 1959 933 2039 sed
958 1963 1207 2066 potest
1246 1958 1436 2042 effe,
1487 1978 1650 2035 tam
1685 1953 1776 2033 sit
1812 1953 2163 2034 moribus
2201 1980 2444 2061 quam

138 2062 472 2145 dicendi
512 2070 799 2148 virtute
840 2072 1278 2177 perfectus?
1318 2077 1505 2149 Non
1543 2069 1755 2145 enim
1792 2064 2179 2147 forensem
2203 2060 2445 2174 quan-⁴-

132 2174 327 2257 dam
376 2177 845 2262 instituimus
882 2211 1206 2288 operam
1245 2238 1271 2275 ,
1331 2207 1478 2260 nec
1530 2181 2091 2257 mercenariam
2134 2194 2442 2268 vocem;

126 2314 276 2369 nec
335 2299 371 2386 <
398 2311 491 2368 ut
542 2291 1046 2399 asperioribus
1079 2294 1330 2378 verbis
1374 2282 1834 2398 parcamus)
1882 2315 2046 2368 non
2087 2288 2444 2368 inutilem

128 2398 308 2480 sane
374 2399 644 2483 litium
698 2404 1161 2489 advocatum
1195 2462 1223 2499 .
1279 2429 1522 2514 quem
1564 2399 1905 2508 denique
1948 2396 2443 2504 cauffidicum

125 2512 382 2621 vulgo
435 2535 777 2597 vocant:
843 2517 974 2600 sed
1035 2522 1290 2605 virum
1340 2542 1522 2597 cum
1580 2510 1872 2618 ingenii
1929 2532 2201 2592 natura
2253 2537 2442 2616 prze-

121 2624 480 2707 stantem
518 2683 544 2720 ,
624 2630 793 2710 tu'm
855 2648 1048 2714 vero
1111 2654 1232 2714 tot
1290 2624 1847 2737 pulcherrimas
1890 2647 2089 2704 artes
2143 2626 2446 2729 penitus

114 2763 400 2820 mente
452 2739 969 2847 complexum
1009 2800 1033 2845 ‚
1099 2743 1364 2824 datum
1425 2736 1739 2818 tandem
1782 2738 2006 2816 rebus
2061 2736 2442 2820 humanis,

111 2851 450 2961 qualem
510 2851 719 2932 nulla
758 2877 976 2951 antea
1015 2854 1346 2938 vetustas
1383 2849 1846 2956 cognoverit
1874 2904 1897 2939 ‚
1948 2845 2442 2953 singularem,

105 2964 737 3075 pei-festumque
773 2966 1114 3075 undique
1137 3026 1159 3053 ‚
1192 2968 1492 3074 optima
1524 2961 1980 3040 sentientem
2020 3014 2043 3049 ‚
2106 2963 2443 3064 optime-

105 3102 270 3185 que
310 3074 759 3167 dicentem‚
849 3083 934 3158 ln
987 3081 1139 3160 hoc
1180 3096 1420 3186 quota
1445 3099 1621 3181 pars
1663 3081 1812 3150 erit
1837 3124 1861 3160 ‚
1913 3069 2126 3177 quod
2155 3091 2288 3148 aut
2331 3070 2448 3145 in·-

95 3212 504 3270 nocentes
559 3191 900 3272 tuebitur
940 3246 962 3281 ‚
1017 3212 1147 3271 aut
1189 3184 1737 3293 improborum
1787 3179 2066 3261 scelera
2118 3194 2436 3284 compe·-

96 3300 263 3381 stet
305 3358 332 3394 ‚
397 3320 555 3381 aut
594 3302 672 3379 in
729 3305 1187 3407 pecuniariis
1250 3293 1785 3409 quaestionibus
1832 3294 2132 3373 veritati
2171 3312 2442 3372 contra

99 3412 615 3493 calumniam
654 3413 894 3515 aderit
935 3410 972 3495 ἒ
1027 3422 1382 3497 Summus
1424 3404 1555 3487 ille
1610 3404 1932 3515 quidem
1962 3406 2041 3484 in
2088 3404 2206 3484 his
2251 3430 2443 3511 quoa-

100 3534 276 3631 que
322 3525 713 3631 operibus
762 3527 987 3608 fuerit
1024 3584 1048 3614 ‚
1106 3525 1233 3606 sed
1288 3527 1372 3604 in
1413 3516 1841 3633 maioribus
1878 3516 2153 3597 clarius
2188 3515 2442 3596 eluce-

102 3637 240 3718 bit
279 3690 304 3719 ‚
367 3664 568 3716 cum
608 3634 943 3744 regenda
985 3630 1284 3719 senatus
1323 3628 1633 3716 confilia
1676 3685 1699 3721 ‚
1751 3632 1830 3711 δι
1889 3627 2278 3736 popularis
2323 3653 2442 3707 er-

90 3777 254 3831 ror
294 3746 405 3828 ad
438 3749 784 3830 meliora
803 3748 1214 3833 ducendus.
1266 3754 1396 3830 An
1443 3771 1604 3825 non
1633 3740 1871 3824 talem
1911 3737 2302 3848 quendam
2335 3742 2444 3821 vi-

83 3862 358 3947 detur
434 3859 760 3942 finxiffe‘
812 3864 1175 3971 Virgilius
1241 3915 1265 3952 ‚
1349 3852 1608 3975 que'm
1661 3859 1745 3935 in
1802 3851 2177 3935 seditione
2226 3849 2445 3953 vulgi

80 3981 262 4085 jam
309 3974 552 4058 faces
593 3979 674 4061 δι
716 3973 907 4057 saxa
926 3964 1348 4082 jaculantis.
1396 3966 1986 4054 moderatorem
2021 3962 2282 4048 dedit?

2274 4125 2454 4201 Tum
