3557 5113
755 265 976 401 302
1408 258 1547 358 M.
1648 236 2023 354 FAssit
2127 234 3221 385 Quum-iutim-

694 544 764 622 Ε
779 565 820 614 Δ
846 566 909 620 1».
946 543 1082 624 X1.
1365 542 1553 619 Olim
1587 539 1780 649 quod
1806 538 2056 646 vulpes
2078 592 2098 624 ,
2133 559 2375 646 aegroto
2429 561 2640 614 cauta
2684 535 2875 621 leoni
2892 589 2916 619 .
2957 539 3101 616 &a

1114 647 1301 731 Αἶνον
1351 657 1598 731 Graeci
1656 673 1982 737 vocant,
2036 653 2114 726 ὃ(
2185 648 2757 738 decanorum-ov,
2814 669 2899 727 ut
2950 646 3162 730 dixi,
3208 654 3403 745 λόγες

1120 762 1423 866 μυθικές.
1484 762 1926 843 nostrorum
1964 760 2284 865 quidam
2324 785 2484 839 non
2520 758 2689 839 sane
2728 782 3047 866 recepto
3084 763 3168 838 in
3204 761 3403 838 usum

1124 879 1449 959 nomine
1493 879 2076 987 Apologationem.
2189 876 2337 953 Cui
2383 870 2689 950 confine
2726 871 2842 950 est
2880 876 3247 969 παρωμιὶις
3283 899 3397 976 ge-

1123 1014 1265 1068 nus
1304 988 1494 1068 illud
1519 1040 1541 1075 ‚
1579 983 1793 1093 quod
1844 984 1954 1062 est
1985 984 2196 1063 velut
2234 982 2507 1061 fabella
2542 985 2896 1081 brevior,
2945 989 3020 1063 &
3059 1010 3198 1088 per
3244 984 3398 1061 afle-

1124 1104 1426 1206 goriam
1467 1101 1855 1204 accipitur.
1940 1110 2130 1174 .Non
2169 1095 2466 1199 nostrum
2492 1152 2510 1176 ‚
2548 1102 2830 1204 inquit,
2876 1125 3044 1174 onus
3069 1131 3089 1172 :
3156 1093 3272 1173 bos
3287 1099 3397 1173 cli-

1118 1216 1330 1294 tellas.
1438 1215 1834 1289 Proximas
1864 1207 2205 1310 exempii
2248 1212 2447 1286 vires
2484 1207 2714 1284 habet
2750 1206 3176 1285 similitudo
3198 1235 3398 1311 ‚prae-

1121 1327 1501 1430 cipucque
1563 1322 1695 1400 illa
1752 1348 1923 1426 quae
1966 1318 2270 1398 ducitur
2304 1322 2498 1396 citra
2539 1316 2778 1396 ullam
2840 1316 3393 1396 transsationum

1119 1439 1544 1523 mixturam
1588 1462 1686 1512 ex
1743 1434 1969 1509 rebus
2010 1457 2209 1535 pene
2242 1430 2568 1535 paribus.
2666 1445 2762 1508 Ut
2806 1439 2938 1539 qui
2988 1439 3285 1541 accipere
3325 1440 3395 1507 in

1120 1564 1373 1657 Campo
1415 1548 1906 1646 confimterunt
1924 1596 1945 1623 ,
1990 1550 2091 1619 iis
2132 1540 2529 1621 candidam
2574 1571 2878 1653 quorum
2910 1573 3228 1620 nummos
3236 1544 3389 1651 fitp-

1099 1658 1359 1772 prqffo's
1422 1655 1536 1764 ‘ff'
1577 1677 1844 1765 putant
1860 1710 1878 1735 ‚
1941 1657 2398 1764 inimiciffimi
2422 1653 2657 1758 solent
2706 1651 2824 1761 {ffb
2862 1690 2883 1729 .·
2925 1657 3033 1761 stc
3085 1654 3396 1761 ejusmodi

1100 1771 1383 1879 judices
1426 1768 1651 1875 infesti
1687 1790 1844 1846 tum
1888 1795 2002 1844 reo
2048 1790 2408 1845 venerant.
2460 1771 2662 1843 Nam
2715 1762 3095 1876 παραξολῆ
3119 1823 3140 1855 ,
3177 1794 3394 1873 quam

1115 1886 1394 1961 Cicero
1448 1878 1953 1958 collationem
1996 1899 2269 1965 vocat,
2340 1876 2646 1980 longius
2699 1903 2821 1955 res
2872 1901 3065 1984 quae·
3095 1905 3391 1982 compa-

1107 2012 1422 2078 rentur,
1483 2011 1831 2094 repetere
1882 1986 2097 2065 solet.
2209 1993 2377 2065 Nec
2416 1985 2831 2066 hominum
2892 1987 3140 2068 modo
3210 1994 3392 2067 inter

1099 2102 1176 2182 se
1207 2129 1447 2208 opera
1481 2100 1754 2179 similia
1792 2098 2259 2204 spectantur,
2315 2120 2402 2176 ut
2435 2103 2717 2178 Cicero
2747 2127 2894 2204 pro
2940 2102 3259 2180 Murena
3295 2101 3384 2177 fa·

1096 2217 1252 2307 cit3
1311 2212 1634 2321 Qodfi
1670 2244 1703 2290 e
1725 2236 1948 2321 portu
1983 2208 2434 2316 filventibus
2452 2265 2471 2299 ,
2520 2217 2584 2288 ii
2625 2218 2757 2320 qui
2786 2220 2949 2318 jam
3002 2218 3087 2291 in
3118 2237 3391 2323 pamm

1089 2358 1184 2411 ex
1216 2329 1364 2404 alto
1399 2322 1841 2406 invehuntur
1855 2379 1877 2405 ,
1905 2322 2279 2433 praedicere
2295 2319 3071 2431 fiaemmostudioso'lent
3106 2322 3200 2416 ῤ’
3237 2352 3391 2403 mn-

1066 2440 1416 2553 pcstatum
1484 2442 1832 2515 rationem
1860 2466 1887 2516 ·,
1994 2429 2091 2525 ῤ’
2126 2432 2530 2543 praedonam
2543 2488 2564 2518 ,
2656 2431 2748 2524 ῤ’
2806 2436 3154 2535 locorumj
3219 2434 3399 2546 quod

1078 2574 1345 2633 natura
1395 2551 1556 2656 ftrt
1585 2603 1604 2631 ‚
1673 2571 1765 2626 ut
1810 2551 1911 2624 iis
1941 2546 2338 2652 faveamus
2391 2553 2520 2655 qai
2585 2543 2828 2626 eadem
2860 2548 3196 2659 pericula
3243 2556 3392 2659 qui-

1080 2660 1212 2744 bus
1256 2691 1383 2740 nos
1420 2661 1793 2771 perfunft'i
1809 2658 2070 2763 fimus
2109 2712 2131 2742 ,
2228 2658 2767 2767 ingrediantur:
2869 2689 3005 2769 quo
3076 2687 3194 2740 me
3245 2686 3390 2740 tan-

1080 2776 1240 2854 dem
1282 2779 1523 2854 animo
1560 2767 1677 2877 qffi’
1716 2793 1979 2878 oportet
1994 2826 2014 2851 ‚
2050 2794 2267 2879 prope
2309 2784 2469 2876 jam
2540 2800 2631 2849 ex
2694 2797 2958 2880 magna
3018 2780 3396 2870 jaHatione

1080 2909 1348 2970 terram
1373 2883 1730 2964 videntem
1753 2936 1774 2962 ‚
1808 2887 1888 2957 in
1928 2878 2114 2959 hunc
2130 2935 2150 2971 ,
2213 2891 2328 2960 cni
2393 2883 2603 2960 ‘video
2659 2892 3019 2965 maximas
3060 2884 3393 2996 tempesta-

1027 3053 1031 3058 .
1080 3022 1189 3078 m·
1261 2993 1378 3102 effi»
1407 2991 1868 3102 fibeandas?
1959 2990 2105 3070 Sed
2160 2997 2240 3072 &
2285 3019 2328 3069 a
2382 2998 2620 3073 mutis
2698 3016 2928 3103 atque
2989 3003 3231 3075 etiam
3292 3001 3392 3075 in-

1078 3112 1355 3189 animis
1395 3109 1712 3184 interim
1755 3099 2197 3204 hujusmodi
2232 3103 2556 3184 ducitur.
2652 3109 2746 3185 Et
2781 3111 3159 3215 quoniam
3196 3106 3382 3188 simi-

1075 3222 1272 3301 lium
1323 3218 1469 3298 alia
1511 3215 1739 3294 facies
1775 3217 1856 3292 in
1898 3215 2030 3292 tali
2070 3218 2407 3306 ratione,
2490 3214 3071 3298 admonendum
3124 3221 3262 3305 est,
3297 3247 3388 3299 ra·

1073 3335 1230 3410 rius
1269 3329 1412 3409 effe
1454 3333 1532 3407 in
1565 3329 1919 3405 oratione
1953 3325 2144 3405 illud
2182 3355 2422 3433 genus
2460 3327 2674 3435 quod
2702 3325 2919 3407 εἰκόνα.
2964 3335 3227 3411 Graeci
3266 3361 3391 3412 vo-

1074 3463 1295 3538 cant,
1352 3448 1550 3546 (quo
1587 3440 2052 3540 exprimitur
2086 3465 2347 3518 rerum
2384 3460 2513 3518 aut
2550 3434 3044 3545 personarum
3084 3447 3387 3551 imago:

1070 3574 1158 3632 ut
1194 3550 1483 3630 Cassius
1507 3580 1528 3644 ;
1556 3556 1759 3652 Qis
1803 3550 2003 3653 istam
2021 3550 2299 3657 ficiem
2319 3549 2929 3661 planipedhstmis
2954 3579 3306 3665 torquens
3321 3562 3389 3652 ?)

1068 3689 1304 3771 quam
1345 3661 1426 3741 id
1465 3687 1627 3769 quo
1678 3661 2147 3767 probabilius
2201 3660 2293 3740 fit
2339 3664 2555 3771 quod
2619 3666 3141 3745 intendimus:
3221 3693 3301 3747 ut
3339 3666 3386 3746 s1

1065 3777 1412 3864 animum
1457 3770 1663 3851 dicas
1701 3771 2220 3853 excolendum
2245 3830 2266 3863 ‚
2308 3772 2809 3864 similitudine
2849 3782 3087 3857 utaris
3138 3802 3388 3869 terrae,

1061 3912 1234 3993 quae
1271 3884 1628 3990 neglecta‘
1654 3879 1898 3964 sentes
1932 3909 2163 3992 atque
2199 3886 2478 3965 dumos
2502 3941 2523 3976 ‚
2562 3887 2763 3967 culta
2804 3890 3090 3970 frustus
3136 3917 3384 3970 creat:

1065 4018 1238 4092 aut,
1277 3995 1335 4076 s1
1376 3992 1473 4075 ad
1508 4022 1770 4073 curam
1817 3998 2256 4103 reipublicae
2290 3998 2621 4080 horteris
2658 4056 2684 4093 ,
2741 4000 3143 4092 ostendam,
3211 4031 3386 4105 apes

3108 4136 3366 4201 etiam,
