3557 5113
330 239 569 398 De
600 232 1044 439 Instit.
1087 239 1794 406 Oratort'a,
1833 234 2121 392 Lib.
2156 242 2250 394 I.
2624 276 2732 393 13

156 565 641 669 pmtcipiunt)
705 567 783 645 &e
847 562 1261 671 providere
1292 619 1317 655 .
1382 590 1543 645 non
1612 570 1930 650 rationis
1980 569 2223 651 modo
2253 627 2274 661 ‚
2327 569 2455 653 sed
2484 594 2617 669 CA
2650 613 2709 665 ρ,
2765 572 2812 663 Ῐ,
2873 556 2887 579 ’

158 674 317 753 usus
370 701 696 783 quoque
750 674 898 754 est:
966 679 1340 784 quoniam
1392 674 1782 783 sequentia
1834 685 2204 772 intuenti,
2244 686 2455 788 prio-

148 814 225 865 ra
280 784 622 866 dicenda
669 784 881 881 sunt3
952 792 1078 878 δε.
1155 783 1371 895 quod
1430 784 1988 871 difficillimum
2040 786 2149 870 est
2176 847 2199 882 ‚
2261 792 2455 876 divi-

147 895 394 976 denda
478 902 814 976 intentio
894 901 1191 988 animi,
1290 921 1375 979 ut
1437 895 1645 980 aliud
1707 929 1903 983 voce
1928 958 1950 992 ‚
2015 901 2221 983 aliud
2275 931 2460 984 ocu-

148 1007 231 1085 lis
283 1029 585 1114 agatur.
700 1005 896 1088 Illud
950 1035 1109 1089 non
1170 1009 1577 1115 poenitebit
1637 1010 1963 1104 curasse,
2027 1016 2240 1094 eum⁴
2281 1012 2456 1094 stri-

146 1119 319 1199 bere
374 1123 709 1200 nomina
760 1146 957 1225 puer
1017 1119 1733 1228 (quemadmodum
1783 1126 2026 1204 moris
2064 1123 2234 1222 est)
2296 1153 2452 1206 coe-

147 1232 339 1334 perit
361 1287 388 1321 ‚
478 1259 584 1312 ne
642 1230 841 1312 hane
919 1258 1239 1338 operam
1300 1236 1383 1310 in
1432 1233 1822 1315 vocabulis
1870 1234 2305 1340 vulgaribus
2335 1233 2342 1240 ’
2368 1242 2449 1317 8(

148 1338 346 1421 forte
412 1339 1001 1425 occurrentibus
1056 1341 1349 1451 perdat.
1514 1346 1866 1425 Protinus
1928 1349 2139 1427 enim
2191 1347 2447 1453 potest

145 1456 877 1560 interpretationem
918 1452 1196 1560 linguae
1238 1449 1685 1545 secretioris»,
1765 1482 1896 1536 uas
1929 1460 2176 1538 Graeci
2206 1452 2449 1553 γλῶσ-

140 1593 293 1649 σως
335 1585 622 1644 *vocant
653 1619 679 1655 ‚
735 1563 929 1645 dum
1014 1563 1223 1646 aliud
1284 1568 1585 1671 agitur,
1659 1593 1702 1645 e
1765 1562 2030 1657 scere,
2116 1573 2196 1647 ὃ(
2250 1571 2456 1646 inter

139 1677 404 1780 prima
457 1676 839 1755 elementa
878 1675 1241 1784 consequi
1272 1702 1466 1754 rem
1502 1675 1765 1782 postea
1806 1680 2215 1786 proprium
2253 1700 2452 1758 tem-

142 1813 290 1890 pus
343 1785 968 1891 defideraturam.
1084 1791 1178 1867 Et
1224 1789 1596 1896 quoniam
1635 1786 1887 1887 adhuc
1927 1793 2128 1869 eirca
2168 1815 2289 1869 res
2340 1812 2451 1870 te-

144 1924 335 1977 nues
398 1926 811 1979 moramur
833 1954 857 1990 ,
894 1901 976 1978 *ii
1029 1924 1341 2007 quoque
1390 1895 1673 1979 ·versus
1732 1903 1869 2007 qui
1917 1896 2016 1980 ad
2073 1902 2450 1981 imitatio-

144 2033 327 2088 nem
384 2008 771 2090 scribendi
811 2031 1351 2116 proponentur
1371 2063 1396 2098 ,
1450 2031 1614 2088 non
1665 2007 1944 2091 otiosas
1990 2006 2232 2092 velim
2288 2010 2451 2091 sen-

143 2124 422 2200 tentias
496 2121 827 2201 habeant
865 2175 890 2213 ‚
974 2118 1103 2201 sed
1176 2115 1590 2200 honestum
1650 2117 1941 2229 aliquid
2014 2145 2443 2201 monentes,

140 2230 644 2339 Prosequitur
685 2232 848 2314 haec
908 2235 1289 2313 memoria
1337 2231 1418 2309 in
1453 2228 1954 2322 senetsturem‚
1995 2239 2075 2314 ὃ(
2131 2230 2451 2338 impres:-

134 2338 219 2419 sa
275 2349 555 2421 animo
609 2342 775 2423 rudi
796 2398 819 2434 ,
877 2340 1113 2450 usque
1154 2338 1268 2435 ⁴ad
1326 2367 1587 2420 mores
1648 2342 2025 2447 proficiet.
2197 2347 2452 2424 Etiam

136 2449 364 2530 dista
427 2454 804 2534 clarorum
856 2456 1244 2544 virorum,
1286 2456 1365 2535 &
1422 2450 1707 2534 eleetos
1761 2481 1864 2534 ex
1905 2454 2156 2561 poetis
2209 2458 2452 2532 maxi.-

140 2589 284 2643 me
338 2575 375 2660 (
386 2592 717 2675 namque
772 2593 1054 2647 eorum
1107 2569 1360 2671 parvis
1400 2567 1748 2673 cognitio
1807 2568 2104 2674 gratior
2143 2564 2282 2662 est)
2333 2567 2451 2646 lo-

148 2700 281 2756 cos
354 2675 689 2761 ediscere
754 2680 961 2759 inter
1019 2676 1272 2758 lusum
1331 2675 1549 2760 lieet..
1668 2684 1880 2759 Nam
1952 2681 2033 2761 ὅ(
2103 2665 2451 2760 m‘axime

159 2787 552 2870 neeeffiria
602 2788 713 2870 est
758 2791 1096 2881 oratori,
1136 2783 1332 2869 ficut
1378 2781 1515 2869 suo
1550 2787 1735 2869 loco
1790 2785 2086 2880 dicam,
2142 2816 2452 2874 memo-‘

168 2900 312 2977 ria:
393 2906 467 2982 &
521 2929 610 2982 ea
663 2901 1044 3010 praecipue
1100 2896 1461 2980 firmatur
1513 2920 1742 3013 atque
1799 2900 2033 2981 alitur
2078 2904 2450 2980 exercita-

174 3013 419 3091 tione:
472 3019 551 3095 &
602 3018 687 3093 in
735 3016 825 3094 iis
879 3011 978 3094 de
1026 3013 1545 3121 quibusbnunc
1604 3013 2005 3122 loquimur
2062 3013 2446 3104 aetatibus,

174 3147 343 3230 quae
397 3123 580 3206 nihil
633 3120 824 3205 dum
883 3148 1250 3232 generare
1308 3148 1403 3205 ex
1459 3118 1537 3204 se
1592 3147 1930 3234 queunt,
1988 3149 2235 3232 prope
2291 3122 2450 3204 sola

179 3230 288 3313 est
335 3263 494 3347 quae
528 3240 788 3336 juvare
846 3262 1114 3317 curam
1165 3234 1619 3316 docentium
1670 3230 1921 3341 possit.
1947 3237 1958 3264 ·‘
2023 3239 2212 3314 Non
2272 3235 2454 3312 alie-

185 3369 354 3428 num
399 3348 631 3430 fuerit
672 3351 972 3453 exigere
1035 3348 1128 3428 ab
1186 3347 1307 3427 his
1367 3345 1746 3435 aetatibus,
1793 3370 1954 3453 quo
2013 3341 2106 3424 s1t
2161 3341 2455 3430 absolu-

194 3456 317 3539 tius
362 3486 492 3549 os,
570 3464 654 3542 ὃ(
728 3454 1147 3564 expreffior
1208 3457 1500 3545 sermo,
1568 3477 1653 3536 ut
1712 3457 2034 3538 nomina
2102 3454 2458 3567 quaedam

200 3569 551 3682 versusque
601 3568 967 3652 affectatae
1012 3567 1633 3656 difficultatisaex
1691 3567 2038 3678 pluribua
2089 3572 2168 3651 &
2209 3567 2457 3680 asper·-

204 3681 372 3760 rime
406 3683 844 3767 coeuntibus
895 3687 1096 3763 inter
1137 3681 1218 3761 se'
1270 3677 1567 3787 syllabis
1603 3699 2036 3790 catenatos,
2095 3677 2456 3764 &veluti

202 3794 631 3904 confi-agosos
655 3850 683 3889 ‚
748 3819 992 3908 quam
1030 3790 1463 3876 citatissime
1503 3791 1842 3876 volvant.
1923 3789 2224 3872 xum&
2267 3819 2458 3900 gra:-

190 3932 269 3988 ce
304 3935 661 3996 vocantur.
758 3933 885 3990 res
947 3902 1253 3988 modica
1309 3903 1558 3988 diCtu:
1624 3929 1776 4014 qua
1843 3926 2105 3985 tamen
2146 3902 2453 3995 omissa,

106 4001 121 4142 ξ
190 4023 389 4109 multa
418 4025 708 4137 linguae
748 4023 945 4109 vitia
971 4031 1027 4110 ,⁶
1060 4015 1199 4100 nifi
1250 4019 1538 4123 primis*
1580 4019 2028 4097 eximantur
2057 4019 2299 4107 annis,
2342 4019 2460 4092 in-

114 4199 119 4208 .
182 4131 592 4230 emendabili
630 4145 722 4224 jn
760 4132 1179 4248 posterum
1207 4134 1582 4237 pravitate
1617 4125 2009 4213 durantur.
2306 4127 2451 4205 Su>

50 4223 125 4650 λ
