3557 5113
357 140 602 306 De
654 136 1083 347 Instit.
1129 145 1850 324 Oratoria,
1890 139 2189 304 Lib.
2239 145 2403 301 ΙΙ.
2623 170 2828 291 305

234 489 608 578 quentur3
701 468 783 549 in
842 491 941 547 eo
988 466 1367 579 praecipue
1405 524 1429 561 ‚
1510 462 1725 580 quo'd
1774 468 2022 554 multa
2079 471 2160 555 in
2204 470 2320 557 his
2387 497 2507 559 rea
2535 518 2600 594 C
2621 534 2726 591 Η
2790 476 2881 597 X'

238 580 668 690 linquuntur
709 586 1001 661 incerta
1039 639 1060 673 ‚
1124 602 1290 692 quae
1334 583 1702 664 sumimus
1748 608 1836 664 ut
1879 583 2236 668 videntur
2260 640 2282 680 ,
2332 610 2509 670 aetaa
2733 574 2750 596 ⁴
2875 576 2892 594 '

246 711 339 773 tes
371 752 391 785 ,
441 694 836 773 facultates
874 746 896 783 ‚
965 694 1187 775 liberi
1228 752 1249 785 ‚
1307 715 1660 799 parentes
1703 743 1725 784 ‚
1782 692 2093 777 urbium
2166 699 2502 805 ipsarum

241 808 455 896 virm,
502 806 710 905 jura,
764 808 1021 885 mores
1049 864 1069 896 ,
1113 804 1256 885 alia
1296 798 1435 887 his
1500 797 1793 886 fimilia.
1905 813 2118 914 Qin
2160 809 2505 918 aliquan-

242 912 333 995 do
365 922 592 998 etiam
647 940 1096 1023 argumenta
1138 938 1235 996 ex
1283 915 1455 1023 ipfis
1513 916 1983 1024 positionum
2038 924 2240 1025 vitijs
2291 921 2502 1002 duci-

242 1054 407 1109 mus.
518 1028 669 1108 Sed
728 1029 889 1108 haec
952 1028 1085 1108 suo
1128 1050 1450 1136 quaeque‘
1492 1028 1693 1108 loco.
1854 1034 2226 1135 Qamvis
2292 1040 2507 1125 enim

247 1165 449 1220 omne
484 1139 972 1246 propofitum
1016 1138 1271 1245 operis
1317 1163 1361 1218 a
1406 1134 1628 1219 nobis
1665 1131 2017 1219 destinati
2059 1170 2156 1222 eo
2195 1140 2499 1249 speci-et,

245 1274 317 1331 ut
349 1275 599 1332 orator
642 1248 1075 1331 instituatur
1113 1279 1131 1329 τ
1214 1276 1312 1330 ne
1361 1272 1624 1329 tamen
1659 1249 1850 1357 quid
1892 1246 2199 1333 studiosi
2246 1258 2502 1362 sequid

242 1386 435 1453 rant,
483 1361 774 1442 etiamsi
840 1357 1029 1470 quid
1072 1364 1217 1441 erit
1259 1352 1477 1468 quod
1501 1359 1597 1441 ad
1631 1359 1869 1442 scolas
1906 1369 2289 1468 pertineat
2325 1393 2500 1472 prou

248 1480 396 1580 prie
419 1531 438 1565 ‚
478 1480 551 1553 in
590 1473 910 1556 transitu
959 1500 1120 1554 non
1164 1476 1644 1553 omittemus.

437 1692 675 1804 JAM
721 1694 900 1775 hinc
940 1715 1131 1802 ergo
1165 1690 1386 1775 nobis
1432 1688 1865 1796 inchoanda
1895 1689 2007 1778 est
2049 1723 2136 1774 ca
2174 1716 2354 1802 pars
2388 1718 2504 1776 ara
2532 1683 2890 1805 CAp,'X1‚

245 1811 328 1887 tis
349 1865 373 1898 ,
433 1836 529 1889 ex
569 1835 720 1917 qua
762 1830 1035 1913 capere
1078 1806 1384 1887 initium
1444 1802 1691 1888 solent
1741 1812 1876 1917 qui
1905 1812 2181 1917 priora
2223 1804 2504 1887 ornile-

240 1942 397 1999 runt
440 1952 460 1997 ι
537 1942 977 2029 quanquam
1028 1914 1260 2000 video
1326 1918 1700 2029 quosdam
1755 1924 1838 2000 in
1897 1919 2060 2026 ipso
2108 1911 2361 1997 statim
2411 1918 2502 1996 li-

238 2029 432 2110 r'nine
491 2031 917 2110 obstaturos
985 2027 1182 2109 mihi
1218 2080 1240 2121 ,
1316 2034 1449 2138 qui
1514 2030 1710 2110 nihil
1766 2054 1993 2136 egere
2035 2029 2496 2129 'hujusmodi

238 2147 609 2250 praeceptis
652 2143 1178 2251 eloquentiam
1219 2149 1492 2249 putent
1542 2168 1561 2219 z
1644 2140 1772 2221 sed
1814 2165 2085 2222 natura
2125 2139 2251 2219 sua
2302 2188 2324 2230 ,
2419 2145 2498 2220 δε

238 2253 597 2335 scolarum
637 2256 1191 2334 exercitatione
1224 2252 1571 2333 contenti
1612 2305 1638 2343 ,
1706 2248 2008 2334 rideant
2049 2240 2498 2335 etiamdili-

244 2364 567 2472 gentiam
596 2363 930 2446 nostram
971 2416 1007 2456 ‚¹
1076 2362 1445 2470 exemplo
1502 2368 1764 2469 magni
1804 2384 2116 2471 quoque
2157 2358 2506 2441 nominis‘

250 2475 721 2585 professbrurn
744 2534 769 2570 ‚
817 2498 1158 2587 quorum
1193 2476 1508 2586 aliquis,
1554 2498 1643 2556 ut
1677 2478 1965 2581 opinor
1992 2525 2017 2565 ,
2077 2471 2497 2579 interroga-

244 2591 346 2670 tus
383 2584 567 2699 quid
608 2588 786 2670 esset
831 2585 1060 2699 χῆαα.
1094 2594 1174 2669 δε
1208 2595 1454 2682 νόημα,
1497 2587 1789 2667 nescire
1835 2580 1910 2665 se
1951 2584 2270 2694 quidem
2297 2636 2320 2673 ,
2371 2581 2498 2664 sed

244 2698 295 2779 si
333 2701 416 2782 ad
469 2726 648 2781 rem
690 2707 1109 2809 pertineret
1146 2748 1176 2790 ,
1235 2693 1380 2779 εῆέ
1440 2696 1527 2777 in·
1580 2695 1704 2777 sua
1760 2691 2328 2777 declamatione
2385 2717 2502 2774 re-

249 2811 534 2917 spondit.
653 2808 874 2892 Alius
913 2809 1448 2917 percontanti,
1501 2800 2009 2890 Theodoreus
2043 2798 2140 2887 a⁸n
2172 2801 2502 2913 Apollo·

250 2923 484 3005 doreus
519 2917 722 3005 esset
742 2976 767 3014 ,
813 2926 976 3029 Ego
994 2974 1019 3014 ,
1073 2920 1375 3031 inquit,
1413 2913 1913 3027 parmularius
1936 2918 2122 2999 sum.
2200 2915 2368 2997 Nec
2399 2912 2506 2996 sa-

249 3059 334 3115 ne
365 3037 614 3142 potuit
659 3035 1019 3115 urbanius
1070 3057 1167 3114 ex
1209 3023 1683 3112 confessionc
1724 3028 2046 3111 inscitiae·
2089 3021 2235 3109 suae
2281 3024 2498 3107 elabi.

249 3148 449 3228 Porro
488 3149 577 3229 hi
621 3199 646 3237 ‚
708 3145 889 3254 quia
933 3152 1013 3228 &
1066 3140 1448 3224 beneficio
1501 3144 1798 3246 ingenii
1845 3137 2276 3246 praestantes
2331 3136 2502 3242 sunt

247 3254 445 3339 habiti
467 3316 491 3351 ‚
555 3262 645 3342 δε
700 3257 946 3338 multa
993 3254 1230 3337 etiam
1294 3254 1678 3334 memoria
1737 3243 1970 3357 digna
2029 3244 2509 3338 exclamave-

255 3394 396 3450 runt
434 3403 449 3449 ε
496 3368 892 3478 plurimos
935 3365 1216 3448 habent
1252 3358 1547 3446 ssmiles‘
1569 3361 2057 3469 negligentiae
2099 3351 2286 3450 suae,
2320 3381 2506 3465 pau-

263 3479 540 3563 ciffimos
592 3501 912 3561 naturae.
1023 3482 1265 3586 Igitur
1302 3481 1605 3583 impetu
1646 3472 1902 3554 dicere
1938 3472 2056 3564 se,
2105 3473 2185 3553 &
2221 3470 2506 3553 viribus

268 3595 352 3667 uti
389 3594 837 3697 gloriantur.
952 3593 1122 3670 Nec
1175 3592 1390 3669 enim
1443 3614 1639 3694 opus
1688 3585 1833 3665 ess'e
1876 3581 2335 3692 probatione
2376 3602 2509 3661 auu

274 3697 711 3805 dispolitione
758 3707 843 3782 in
884 3697 1108 3782 rebus
1155 3699 1392 3781 fiffisz·
1448 3696 1576 3777 sed
1622 3701 1883 3802 (cujus
1919 3689 2029 3775 rei
2068 3694 2311 3803 gratia
2346 3693 2510 3800 ple-

257 3834 420 3890 num
456 3814 535 3897 fit
581 3810 1123 3909 auditorium)
1193 3809 1576 3892 sententiis
1625 3807 2039 3916 grandibus
2076 3862 2100 3900 ‚
2183 3829 2507 3914 quarum·

248 3925 503 4030 optima
557 3951 904 4037 quaeque
962 3951 1008 4005 a
1045 3923 1393 4031 periculo
1440 3943 1766 4028 petatur.
1891 3922 2122 4025 ‘Qun
2158 3922 2391 3999 etiam
2434 3917 2517 4035 in

1468 4037 1544 4115 Ο
1586 4058 1627 4133 a
2304 4048 2514 4130 cogl-
