3557 5113
700 273 924 395 324

1298 236 1449 345 M.
1567 236 1949 341 FAnu
2075 233 3101 383 cht’rr'tmm

1241 352 1386 501 0

638 534 1030 621 cmxffl.
1058 523 1338 611 securis
1380 519 1801 631 otiosisque
1835 517 2284 627 compositae
2307 575 2330 604 ‚
2397 518 2554 626 ipsa
2604 484 2887 630 pugnae
2926 520 3365 607 neceffitate

740 1618 958 1750 xiv'.

1064 639 1500 721 turbantur.
1607 637 1977 741 Namque
2016 659 2294 712 omnes
2349 628 2510 712 fere
2563 639 2693 741 qui
2747 634 3014 741 legem
3059 634 3361 719 dicendi

1064 747 1278 861 quast
1329 743 1690 857 quaedam
1736 745 2099 852 mysteria
2160 742 2639 826 tradiderunt
2661 803 2693 840 ,.
2737 749 2968 827 certis
3031 775 3199 830 non
3256 752 3364 830 in-
3478 798 3479 819 ψ

1065 860 1635 945 veniendorum
1684 855 1939 937 modo·
1986 881 2635 964 argumentorum
2694 857 2933 948 loeis,
3005 858 3139 941 sed
3187 889 3362 942 con·

1067 972 1634 1056 cludendorum
1677 997 1994 1078 quoque
2047 997 2187 1050 nos
2230 973 2633 1076 praeceptis
2675 969 3234 1077 alligaverunt:
3268 971 3359 1053 de

1066 1087 1348 1195 quibus
1379 1079 1818 1164 brevissime
1854 1082 2316 1191 praelocutus
2350 1138 2372 1167 ,
2419 1080 2610 1190 quid
2660 1081 2816 1188 ipse
2869 1081 3245 1176 sentiam,
3292 1081 3364 1163 id

1068 1197 1178 1279 est
1210 1253 1236 1290 ‚
1317 1193 1510 1305 quid
1560 1190 2023 1275 clarissimos
2074 1216 2432 1275 oratores
2482 1186 2737 1276 fecisse
2789 1191 3158 1288 videam,
3206 1222 3361 1277 non

1070 1310 1372 1399 tacebo,

1258 1536 1727 1617 IGITUR
1781 1529 2325 1635 enthymema,
2375 1536 2455 1612 &
2505 1530 3052 1639 argumentum
3101 1527 3368 1638 ipsum,

1074 1644 1158 1728 id
1199 1646 1317 1727 est
1347 1674 1523 1725 rem
1560 1671 1731 1754 quae
1787 1642 2231 1747 probationi
2280 1643 2590 1723 alterius
2634 1642 3084 1734 adhibetur,
3127 1642 3370 1752 appel-

1072 1761 1237 1843 lant
1261 1813 1283 1849 ,
1323 1763 1406 1838 &
1458 1754 1900 1863 argumenti
1937 1753 2493 1835 elocutionem.»
2568 1760 2758 1837 Eam
2817 1783 3009 1838 vero
3042 1755 3213 1836 dixi
3251 1753 3373 1836 du-

1065 1871 1384 1980 plicem.
1476 1872 1596 1947 Exi
1639 1861 2322 1972 consequentibuS,
2368 1864 2585 1974 quod
2626 1867 2857 1948 habet
2915 1864 3372 1976 propofitio-

997 2062 1010 2073 ,
1067 2008 1256 2062 nem
1290 2035 1321 2071 ,
1358 1978 2014 2084 conjuntstamque
2066 1980 2141 2056 ei
2177 1985 2531 2083 protinus
2565 1980 3162 2087 probationem:
3199 2006 3372 2079 qua·

1068 2091 1144 2173 le
1201 2120 1350 2200 pro
1383 2093 1704 2201 Ligario
1744 2120 1768 2185 3
1828 2091 2050 2197 Causa}
2111 2114 2266 2171 tum
2326 2089 2555 2172 dubia
2585 2149 2608 2178 ,
2659 2093 2857 2206 quod
2892 2117 3049 2175 erat
3098 2090 3385 2205 aliquid

1075 2212 1161 2289 in
1215 2220 1529 2319 'utraque
1559 2226 1775 2316 parte
1827 2202 2035 2313 quod
2055 2199 2357 2315 probari
2397 2202 2607 2315 pqffl’t
2649 2240 2674 2282 .·
2755 2236 2944 2287 nunc
3005 2208 3265 2288 melior
3301 2232 3376 2285 ea

1074 2342 1258 2401 certe
1296 2317 1699 2428 judicanda
1747 2315 1841 2421 5st
1869 2373 1892 2402 ‚
1957 2344 2183 2426 quam
2226 2323 2451 2396 etiam
2504 2317 2620 2399 dii
2654 2317 3093 2420 adjuverunt
3134 2355 3161 2395 .·
3234 2321 3378 2398 Ha·

1073 2431 1210 2510 bet
1265 2432 1484 2533 enim
1532 2432 1923 2509 rationem
1990 2433 2070 2510 &
2139 2425 2753 2535 propositionem
2798 2486 2822 2520 ,
2920 2457 3091 2511 non
3158 2430 3381 2511 habet

1077 2539 1684 2652 conclusionem,
1792 2543 1903 2622 lta
1956 2538 2067 2620 est
2120 2539 2253 2621 ille
2318 2542 2811 2647 imperfectus
2876 2540 3380 2652 syllogifinus.

1076 2658 1194 2736 Ex
1258 2653 1770 2763 pugnantibus
1818 2679 2011 2735 vero
2033 2710 2064 2744 „
2114 2651 2329 2762 quod
2377 2657 2615 2736 etiam
2665 2621 2921 2737 soluin
2974 2658 3384 2763 enthyme-

1078 2795 1212 2848 ma
1273 2764 1594 2876 quidam
1643 2786 1923 2846 vocant
1947 2821 1972 2855 ,
2026 2765 2306 2846 fortior
2344 2767 2610 2847 multo
2644 2769 3010 2873 probatio
3050 2769 3190 2851 est.
3241 2771 3385 2849 Ta·

1084 2880 1159 2959 le
1214 2879 1330 2958 est
1358 2879 1756 2960 Ciceronis
1809 2904 1956 2983 pro
1999 2878 2346 2967 Milone5
2410 2890 2580 2984 Ejus
2623 2888 2853 2990 igitur
2910 2889 3166 2962 mortis
3194 2882 3387 2991 fide-

1091 2995 1198 3072 eis*
1243 2994 1510 3073 ultores
1539 3045 1565 3076 ,
1619 3001 1817 3099 cujus
1862 2997 2099 3069 vitam
2122 2989 2209 3095 si
2236 2996 2511 3100 putet&
2527 3018 2666 3102 per
2715 3023 2845 3074 ‘vos
2884 2995 3169 3098 restitui
3191 2991 3380 3106 pff,

1092 3106 1367 3186 nolitis.
1479 3099 1720 3204 Qud
1746 3099 2070 3209 quidem
2124 3105 2361 3181 etiam
2424 3101 2839 3212 aliquando
2886 3105 3389 3214 multiplicari

1091 3215 1289 3298 solet
1321 3270 1347 3307 ‚
1407 3238 1495 3298 ut
1544 3213 1655 3296 est
1718 3216 1813 3295 ab
1869 3212 2155 3296 eodem
2212 3219 2292 3296 &
2343 3240 2494 3320 pro
2534 3214 2819 3297 eodem
2863 3245 3003 3298 reo
3054 3219 3393 3314 faaum5

1089 3337 1336 3432 Qem
1393 3335 1624 3439 igitur
1669 3356 1831 3406 cum
1888 3333 2205 3408 omnium
2232 3335 2496 3438 gratis
2545 3332 2778 3410 noluit
2807 3387 2831 3414 ,
2910 3327 3104 3412 hunc
3169 3336 3399 3413 voluit

1093 3470 1255 3521 cum
1306 3442 1715 3550 aliquorum
1757 3442 2048 3549 querela
2082 3448 2124 3517 ?
2197 3469 2405 3549 quem
2445 3454 2614 3550 jure
2628 3499 2654 3527 ,
2702 3472 2912 3554 quem
2956 3446 3105 3523 loco
3130 3502 3155 3527 ‚
3200 3476 3401 3556 quem

1093 3577 1398 3662 tempore
1427 3607 1450 3635 ‚
1536 3579 1746 3663 quem
1801 3560 2088 3663 impune
2136 3582 2279 3630 non
2340 3553 2434 3656 ast
2488 3554 2691 3661 ausus
2738 3586 2759 3649 3
2838 3551 3024 3636 hunc
3062 3562 3363 3662 injurie
3378 3614 3397 3640 ‚

1093 3669 1211 3744 ini
1253 3691 1344 3744 uo
1383 3667 1525 3746 loco
1561 3719 1584 3748 ‚
1644 3666 1879 3744 alieno
1916 3688 2218 3775 tempore
2254 3721 2280 3749 ,
2360 3694 2520 3746 cum
2552 3669 2876 3777 periculo
2936 3675 3214 3779 capitis
3274 3701 3407 3751 non

1094 3693 1466 3884 duZitaevit
1509 3775 1816 3856 occidere
1853 3785 1898 3858 ,Ρ
1974 3779 2394 3885 Optimum
2456 3800 2716 3859 autern
2766 3774 3076 3860 videtur
3122 3783 3405 3892 enthy-

1077 3891 1455 3969 mematis
1503 3913 1745 3997 genus
1773 3943 1800 3979 ,
1866 3915 2049 3971 cum
2087 3887 2491 3997 propofito
2526 3887 2869 3973 dissimili
2918 3890 3049 3973 vel
3098 3883 3409 3976 co‘ntra·

1091 4004 1221 4086 rio
1270 4003 1471 4086 ratio
1505 4000 2038 4111 subjungitur:
2103 4001 2330 4115 quale
2390 4001 2501 4085 est
2553 3999 3112 4089 Demosthenis
3148 4059 3174 4100 ‚
3242 4016 3411 4088 Non

1219 4177 1243 4198 ,
3200 4144 3400 4210 (περ
