3557 5113
690 129 964 269 7125*²
1083 223 1090 232 .
1297 113 3001 278 ‘MFAB-iercTimAui

658 385 844 476 ΩΑ».
873 388 925 471 1.
1023 387 1156 472 ulli
1184 384 1407 474 bonae
1448 395 1591 473 arti
1627 389 1843 473 loeus
1884 389 1937 489 2?
1993 395 2200 501 *Non
2244 390 2503 472 hercle
2562 394 2805 497 magis
2848 419 3099 502 quam
3154 393 3314 474 fru-

1018 505 1239 611 gibus
1275 510 1358 587 in
1407 527 1603 585 terra
1633 503 1965 585 sentibus
2004 532 2091 583 ac
2143 505 2342 584 rubis
2389 529 2780 611 occupata.
2864 511 3039 611 Age
3096 561 3124 595 ,
3167 533 3327 586 non

1027 615 1125 699 ad
1170 617 1666 724 perferendos
1719 614 2147 700 studiorum
2192 611 2517 697 labores⁴
2547 616 2950 696 necessaria
3010 618 3321 724 frugali-

1030 752 1143 814 tas
1186 734 1207 810 ἓ
1282 729 1490 821 Quid
1547 732 1787 833 igitur
1836 753 1934 814 ex
1980 726 2302 812 libidine
2358 757 2443 809 ac
2487 727 2787 809 luxuria
2827 727 2990 833 spei
3030 737 3074 808 ?
3145 737 3323 810 Non

1028 844 1410 951 praecipue
1450 845 1656 922 acuit
1677 831 2337 948 'ad-cupiditatem
2375 839 2777 920 literarum
2812 894 2836 928 ‚
2896 867 3140 920 amor
3172 842 3319 920 lauss

1033 954 1206 1036 dis?
1261 962 1479 1036 Num
1535 956 1770 1060 igitur
1812 951 2035 1034 malis
2089 953 2234 1034 effe
2291 952 2604 1033 laudern
2663 979 2859 1032 curae
2899 963 3317 1058 putamus?

1038 1068 1212 1176 Jam
1251 1066 1403 1147 hoc
1452 1070 1636 1176 quis:
1660 1094 1826 1173 non
1884 1064 2101 1149 videt
2137 1120 2160 1156 ‚
2202 1069 2632 1145 maximam
2687 1085 3009 1171 partem
3041 1069 3317 1146 oratio-

1038 1182 1150 1259 nis
1192 1182 1275 1259 in
1315 1180 1635 1263 trastatu
1692 1181 1891 1289 aequi
1936 1177 2272 1287 bonique
2310 1176 2719 1257 consistere
2768 1178 2789 1255 ἒ
2846 1181 3186 1257 Dicetne
3218 1178 3310 1257 de

1038 1290 1164 1371 his,
1197 1290 1620 1372 seeundum
1673 1290 2019 1376 debitam
2084 1317 2345 1374 rerum
2403 1288 2865 1395 dignitatem
2912 1290 3164 1369 malm
3207 1314 3309 1369 at-

1039 1429 1192 1514 que
1230 1409 1542 1513 iniquus
1589 1411 1639 1483 a?
1711 1406 2073 1510 Denique
2141 1425 2225 1484 ut
2277 1404 2703 1481 maximam
2758 1424 3069 1506 partem
3127 1429 3313 1510 quat-

1041 1518 1305 1603 stionis
1364 1521 1708 1596 eximam
1749 1570 1774 1606 ,
1830 1513 2105 1594 demus
2169 1513 2249 1594 id
2312 1513 2527 1621 quod
2576 1512 2797 1592 nullo
2848 1513 3105 1593 modo
3158 1514 3311 1596 fieri

1038 1627 1331 1734 potest,
1380 1627 1598 1708 idem
1633 1627 1967 1734 ingenii,
2011 1619 2242 1705 studii
2278 1679 2303 1716 ‚
2360 1623 2726 1708 destrinae
2748 1680 2772 1717 ‚
2838 1623 3172 1732 pessimo
3207 1650 3309 1707 at-

1041 1738 1199 1846 q'ue.
1231 1742 1540 1847 optimo
1577 1739 1752 1822 viro
1780 1794 1805 1823 ‚
1847 1757 2022 1820 uter.
2056 1737 2344 1818 melior
2383 1735 2696 1830 dicetur
2715 1746 3039 1820 orator?
3068 1741 3311 1820 Nimi-

1043 1863 1220 1932 rum
1260 1853 1392 1957 qui
1433 1851 1680 1930 homo
1723 1861 2040 1958 quoque
2082 1848 2385 1934 melior.
2502 1858 2688 1934 Non
2725 1855 2957 1960 igitur
2972 1879 3295 1960 unquam

1037 1959 1285 2046 malus
1317 1959 1528 2044 idem
1559 1962 1810 2043 homo
1844 1967 1994 2044 erit
2020 1969 2101 2045 &x
2126 1962 2506 2070 pei-festus
2545 1987 2835 2046 orator.
2896 1970 3076 2044 Non
3096 1966 3293 2043 enim

1038 2073 1470 2178 perfectum
1506 2074 1616 2153 est
1649 2079 2060 2183 quicquam
2085 2133 2111 2161 ‚
2167 2092 2328 2184 quo
2371 2076 2652 2156 melius
2697 2077 2809 2157 est
2851 2075 3074 2156 aliud.
3168 2071 3311 2157 Sed

1039 2210 1409 2265 nemore
1452 2190 2019 2268 Socraticorum
2048 2184 2622 2294 nobismetipsis
2680 2189 3128 2296 responsum
3172 2188 3302 2267 fin·

1038 2293 1223 2380 xisse
1267 2295 1718 2389 videamur,
1749 2298 1843 2378 fit
1884 2300 2157 2406 aliquis
2195 2298 2393 2380 adeo
2429 2322 2701 2381 contra
2728 2305 3135 2384 veritatem
3178 2305 3305 2381 ob·

1039 2404 1352 2489 stinatus
1384 2465 1408 2494 ,
1464 2431 1550 2489 ut
1591 2409 1873 2491 audeat.
1931 2409 2232 2495 dicere,
2291 2410 2575 2493 eodem
2628 2417 2953 2520 ingenio
2980 2470 3003 2505 ‚
3053 2412 3313 2507 studio,

921 2594 928 2611 ,
1041 2516 1396 2600 dostrina
1423 2520 1833 2628 praeditum
1875 2580 1899 2607 ,
1960 2522 2212 2606 nihilo
2253 2520 2725 2609 deteriorem
2767 2523 3125 2607 futurum
3162 2553 3319 2606 ora-

1035 2651 1290 2710 torem
1360 2636 1657 2717 maium
1706 2660 1964 2715 virum
2020 2662 2267 2742 quam
2320 2635 2646 2719 bonum.
2756 2644 3321 2722 Convincamus

1033 2740 1258 2835 hujus
1309 2764 1630 2849 quoque.
1675 2748 2120 2827 amentiam.
2212 2753 2424 2828 Nam
2468 2751 2622 2830 hoc
2658 2770 2869 2830 certe
2912 2780 3163 2834 nemo
3196 2751 3318 2830 du-

1036 2850 1309 2934 bitabit
1366 2907 1389 2944 ,
1455 2854 1783 2934 omnem
1812 2877 2222 2944 oratorem
2267 2857 2349 2938 id
2407 2886 2634 2967 agere
2668 2918 2690 2945 .
2752 2882 2839 2941 ut
2879 2864 3131 2965 judici
3168 2890 3317 2972 quae

1039 2964 1433 3073 proposita
1473 2964 1802 3057 fuerint,
1845 2995 2040 3051 vera.
2071 2973 2149 3051 &
2186 2968 2504 3053 honesta
2525 2973 2960 3055 videantur.
3050 2980 3322 3059 Utrum

1039 3079 1281 3183 igitur
1312 3077 1467 3158 hoc
1513 3078 1809 3160 facilius
1858 3080 2106 3161 bonus
2147 3084 2267 3163 vir
2305 3083 2823 3190 persuadebit,
2885 3115 2990 3167 an
3032 3086 3329 3171 malus!

1040 3191 1301 3270 Bonus
1356 3188 1680 3296 quidem
1756 3196 1837 3272 ὅ(
1888 3191 2095 3276 dicit.
2120 3192 2379 3302 saepius
2445 3222 2626 3279 vera
2686 3219 2916 3305 atque
2986 3199 3328 3281 honesta.

1036 3300 1187 3382 Sed
1231 3304 1467 3384 etiam
1502 3299 1560 3382 sl
1594 3300 1911 3410 quando
1962 3304 2223 3411 aliquo
2267 3304 2537 3388 duCtus
2576 3309 2846 3390 officio
2898 3311 3194 3419 (quod
3230 3339 3329 3392 ac·

1036 3410 1301 3494 cidere
1334 3467 1360 3498 ,
1428 3433 1514 3495 ut
1556 3441 1752 3495 mox
1786 3414 2273 3514 docebimus,
2339 3420 2637 3526 potest)
2688 3421 2879 3501 falso
2909 3424 3081 3503 haec
3121 3424 3333 3505 affir-

1037 3548 1255 3614 mare
1307 3526 1715 3614 conabitur
1763 3580 1791 3612 ‚
1843 3530 2138 3629 majore
2173 3555 2355 3611 cum
2395 3531 2551 3613 fide
2586 3532 2883 3614 necesse
2918 3534 3031 3614 est
3071 3535 3345 3617 audia-

1035 3654 1178 3715 tur.
1240 3639 1388 3717 At*
1413 3636 1641 3721 malis
1678 3638 2124 3725 hominibus
2157 3667 2256 3722 ex
2286 3662 2705 3727 'contemtu
2749 3649 3157 3753 opinionis
3194 3704 3225 3734 .
3264 3654 3343 3732 δε

1031 3746 1468 3850 ignorantia
1514 3748 1700 3831 teeti
1731 3804 1758 3833 2
1816 3778 2385 3862 nonnunquam
2437 3756 2730 3843 excidit
2782 3757 2939 3864 ipsa
3010 3756 3337 3841 simula-

1029 3859 1170 3944 tio.
1278 3857 1462 3947 lude
1495 3858 1963 3947 immodeste
1994 3888 2450 3985 proponunt
2473 3923 2500 3957 .
2558 3867 2720 3954 fine
2744 3869 3077 3983 pudore
3111 3872 3331 3952 affir-
