3557 5113
269 251 469 421 De
508 235 942 456 [ψῃ.
988 247 1714 436 orator-222,
1735 240 2036 404 Lib.
2061 246 2315 412 Ν.
2538 288 2764 407 20,
2895 123 2900 134 ’

207 603 268 662 ut
297 605 460 662 nova
517 578 965 686 precatione
1014 599 1457 661 uterentur:
1532 579 1732 660 mihi
1789 608 2105 692 quoque
2170 584 2429 692 profe-

207 696 300 773 ἃο
332 694 584 799 poterit
637 688 961 795 ignosci,
1019 688 1119 775 fi,
1170 691 1386 800 quod
1435 695 1670 773 initio
1697 747 1722 783 ,
1796 721 2052 802 quum
2091 701 2441 801 primum

201 807 346 886 hanc
389 806 782 884 materiam
819 803 1230 895 inchoavi,
1274 831 1438 885 non
1491 804 1816 899 fecerim
1833 862 1856 892 ,
1913 834 2116 888 nunc
2168 835 2445 891 omnes

202 919 261 995 in
305 916 637 996 auxilium
695 912 883 1003 deos
907 969 932 1006 ,
1012 912 1431 1024 ipsumque
1505 919 1906 1023 inprimis,
1965 946 2128 1027 quo
2188 946 2445 1028 neque

204 1027 567 1132 praesentius
622 1023 872 1116 aliud,
926 1053 1180 1135 neque
1238 1026 1500 1107 studiis
1540 1032 1787 1134 magis
1830 1033 2266 1135 propitium
2301 1058 2444 1111 nu-

209 1166 339 1218 men
382 1139 524 1230 est,
588 1142 992 1218 invocem:
1085 1158 1170 1218 ut
1230 1160 1610 1246 quantum
1663 1139 1890 1220 nobis
1947 1141 2444 1248 exspestatio-

204 1254 284 1328 nis
321 1249 614 1352 adjecit,
706 1272 1008 1330 tantum
1073 1252 1365 1355 ingenii
1421 1248 1796 1357 adspiret,
1863 1250 2287 1359 dexterque
2356 1280 2446 1332 ac

199 1360 398 1442 volens
446 1361 674 1464 adsit,
716 1367 797 1442 ὅτ.
858 1389 989 1441 me
1049 1361 1366 1469 qualem
1405 1360 1551 1442 ess'e
1593 1359 1969 1453 credidit,
2015 1364 2256 1443 faciat.
2294 1370 2446 1444 Cu·

198 1475 280 1573 jus
317 1474 486 1552 mihi
538 1474 945 1578 religionis
995 1498 1157 1552 non
1216 1474 1381 1554 haec
1434 1471 1594 1552 sola
1650 1475 1852 1552 ratio
1877 1529 1904 1557 ‚
1959 1501 2129 1581 quae
2196 1478 2444 1553 maxi-

198 1583 329 1672 ma,
368 1585 506 1678 est3
567 1582 703 1663 sed
758 1583 951 1674 alia,
998 1587 1173 1691 quia
1212 1583 1315 1665 fic
1354 1581 1714 1690 procedit
1770 1582 2017 1690 ipsum
2069 1612 2305 1692 opus,
2351 1607 2439 1666 ut

196 1699 420 1792 majora
472 1699 918 1803 praeteritis,
981 1723 1071 1776 ac
1137 1700 1380 1802 magis
1438 1694 1675 1775 ardua
1753 1694 1901 1774 sint
1958 1723 2128 1804 quae
2181 1700 2436 1801 ingre-

197 1803 337 1884 dior.
402 1813 760 1915 Sequitur
808 1813 1019 1887 enim
1070 1828 1158 1888 ut
1211 1806 1685 1908 judicialium
1745 1806 2140 1888 causarum
2166 1863 2189 1896 ‚
2262 1834 2436 1913 quae

196 1915 317 1996 sunt
362 1924 697 2000 maxime
740 1922 968 2001 variae
1023 1946 1110 1999 ac
1154 1918 1621 2025 multiplices
1643 1974 1669 2004 ,
1720 1917 1924 1998 ordo
1965 1918 2425 2026 explicetur:

199 2027 355 2134 quod
409 2034 777 2137 prooemii
845 2028 935 2110 fit
1023 2029 1384 2112 officium
1426 2061 1444 2108 :
1540 2057 1712 2137 quae
1775 2033 1974 2109 ratio
2027 2029 2426 2110 narrandi:

198 2165 317 2245 quae
356 2144 903 2248 probationum
957 2140 1050 2222 fit
1100 2141 1333 2227 fides,
1380 2139 1508 2220 seu
1561 2140 1952 2249 propofita
2016 2141 2432 2222 confirma-

199 2277 347 2343 mus,
395 2252 538 2335 live
599 2277 877 2336 contra
950 2252 1151 2333 diCta
1204 2251 1741 2334 diffolvimus:
1824 2277 2107 2360 quanta
2155 2257 2269 2336 vis
2348 2257 2434 2337 in
2555 2351 2560 2356 0

197 2361 561 2466 perorando
593 2424 616 2452 ‚
684 2366 815 2445 seu
880 2363 1292 2444 reficienda
1354 2365 1569 2445 brevi
1630 2367 2094 2469 repetitione
2166 2393 2433 2447 rerum

197 2480 502 2556 memoria
567 2478 686 2559 est
743 2474 1011 2581 judicis
1032 2531 1057 2569 ,
1122 2472 1276 2560 five
1343 2473 1656 2555 affestus
1715 2474 1986 2583 (quod
2040 2473 2152 2554 est
2197 2475 2434 2584 longe

196 2589 803 2689 potentiffimmn)
869 2587 1444 2671 commovendi.
1578 2594 1705 2668 De
1759 2587 2039 2695 quibus
2089 2588 2434 2693 partibus

195 2692 431 2805 lingulis
467 2701 803 2811 quidam
855 2699 1259 2807 separatim
1300 2698 1624 2780 scribere
1669 2698 2154 2790 maluerunt,
2218 2700 2434 2783 velut

201 2833 338 2890 onus
395 2818 626 2894 totius
693 2816 1044 2918 corporis
1092 2814 1363 2904 veriti3
1430 2816 1509 2891 ὃ(
1537 2808 1658 2889 ·fic
1711 2837 2024 2918 quoque
2079 2812 2434 2919 complu-

198 2945 282 2998 res
333 2922 412 3003 de
463 2951 928 3032 unaquaque
973 2952 1238 3003 earum
1274 2921 1511 3002 libros
1563 2919 2005 3001 ediderunt:
2061 2950 2246 3030 quas
2285 2951 2437 3029 ego

198 3055 407 3113 omnes
435 3036 652 3117 ausus
686 3057 1128 3125 contexere,
1169 3060 1412 3140 prope
1438 3031 1832 3111 infinitum
1869 3032 2217 3114 laborem
2255 3062 2437 3141 pro-

202 3138 414 3243 spicio,
468 3154 545 3229 &
598 3146 768 3253 ipffi
841 3150 1310 3252 cogitatione
1361 3144 1675 3250 suscepti
1736 3148 2074 3225 muneris
2125 3140 2430 3252 fatigor.

198 3250 313 3331 Sed
347 3253 774 3338 durandum
830 3258 938 3338 est
962 3314 984 3349 ,
1036 3261 1216 3365 quia
1262 3258 1683 3361 coepimus:
1749 3260 1827 3336 δ(
1869 3252 1926 3332 fi
1962 3257 2246 3340 viribus
2300 3255 2436 3338 de-

199 3358 510 3460 finiemus,
570 3373 851 3451 aninlo
906 3393 1171 3466 tamen
1225 3364 1892 3475 perseverandum.

367 3624 661 3728 QUOD
730 3625 1203 3727 principium
1261 3624 1533 3701 Latine
1586 3620 1711 3703 vel
1781 3619 2194 3702 exordium
2249 3620 2437 3699 dici·
2467 3649 2654 3727 Cn·
2724 3648 2785 3726 L

214 3741 334 3813 mr,
377 3740 659 3833 maiore
706 3733 1042 3840 quadarn
1076 3738 1375 3813 ratione
1418 3738 1679 3814 Graeci·
1702 3734 2068 3816 videntur
2104 3735 2437 3839 προσήκων

197 3845 595 3926 nominass'e:
703 3843 922 3951 quod
973 3872 1017 3922 a
1068 3838 1342 3924 nostris
1395 3849 1700 3924 initium
1761 3844 2010 3925 modo
2067 3840 2442 3951 fignifica-

194 3964 319 4047 tut3
362 3954 461 4037 illi
518 3957 705 4045 satis
751 3955 965 4035 clare·
988 3978 1288 4064 partem
1341 3957 1535 4036 hanc
1588 3957 1731 4036 effe
1792 3978 1967 4039 ante
2029 3956 2441 4065 ingressum

1033 4104 1039 4110 ’
1406 4074 1535 4152 CC
1596 4094 1632 4170 3
1845 4069 1871 4097 ⁶
2276 4069 2439 4157 rel,
2547 4150 2548 4153 ,
