3557 5113
303 270 514 436 De
542 262 977 473 bgstit.
997 257 2441 438 Oratoria,Lib.VIII.
2539 292 2804 409 475-

833 626 961 644 -·-
981 586 1157 686 Qu
1179 578 1552 690 pulchrior
1579 581 1764 681 ψεῖ
2476 585 2661 666 Cu.
2674 576 2817 679 IV(

373 701 518 771 Non
529 690 694 798 ficit
728 743 752 775 .
796 715 1070 802 excepto
1087 700 1472 773 Laurentis
1503 718 1775 803 corpore
1798 698 2038 774 Turni.

229 870 576 948 Summum
613 865 724 946 est
757 869 967 947 enim
1004 904 1031 961 ,-
1093 898 1230 979 quo
1249 867 1618 982 pulchrior
1657 874 1845 951 alter
1878 870 2198 977 nonflu't
2218 904 2241 946 .·
2265 860 2450 949 huic

230 977 455 1059 deinde
498 975 778 1088 aliquid
836 978 1391 1088 suprapositum
1429 981 1556 1061 est.
1638 982 1949 1062 Tertius
1984 1008 2296 1093 quoque
2341 976 2452 1059 est

230 1089 456 1170 modus
489 1146 510 1179 .
574 1090 669 1179 ad
706 1116 947 1199 quem
998 1118 1161 1179 non
1199 1120 1343 1199 per
1376 1090 1652 1200 gradus
1687 1094 1889 1184 itur,
1922 1115 2007 1175 ut
2038 1091 2253 1201 quod
2282 1116 2448 1171 non

230 1200 315 1279 est
347 1200 495 1307 plus
542 1227 776 1310 quam
817 1205 1251 1284 maximum
1291 1258 1315 1295 ‚
1349 1203 1496 1284 ‚sed
1532 1229 1693 1311 quo
1734 1203 1930 1283 nihil
1984 1208 2227 1305 majus
2294 1202 2443 1283 est:

226 1325 532 1394 &latrem
576 1336 780 1396 tuam
823 1313 1143 1419 occidisti.
1239 1316 1463 1420 Qid
1513 1316 1750 1393 dicam
1796 1318 2099 1425 amplius
2137 1321 2179 1394 ἓ
2237 1327 2448 1397 wla-

228 1446 369 1503 trem
396 1448 582 1505 tuam
638 1426 954 1532 occidg'sti.
1041 1428 1250 1504 Nam
1293 1432 1374 1507 &
1424 1426 1576 1505 hoc
1633 1424 1965 1530 augendi
2015 1453 2257 1532 genus
2297 1424 2406 1525 est
2429 1481 2454 1508 .

227 1554 475 1617 tantum
524 1534 819 1647 aliquid
872 1534 1225 1629 efficere,
1271 1560 1357 1618 ut
1390 1564 1554 1617 non
1594 1533 1828 1647 possir
1876 1540 2155 1642 augeri.
2272 1541 2458 1617 Cre-

227 1642 332 1726 scit
357 1649 586 1731 oratio
639 1653 894 1728 minus
957 1669 1269 1753 aperte,
1308 1646 1436 1729 sed
1473 1647 1732 1728 nescio
1788 1674 1886 1726 an
1930 1647 2083 1727 hoc
2147 1645 2313 1753 ipso
2353 1642 2464 1726 ef-

230 1752 477 1841 ficacius
502 1816 524 1844 .
580 1787 770 1841 cum
817 1764 1008 1840 citra
1044 1757 1611 1840 distinCtionem
1657 1759 1741 1836 in
1785 1779 2157 1838 contextu
2195 1763 2272 1840 ὅ(
2297 1753 2467 1838 cur-

230 1864 297 1946 su
344 1866 623 1979 semper
688 1867 974 1979 aliquid
1030 1872 1288 1977 priore
1356 1876 1600 1975 majus
1659 1868 2148 1975 insequitur:
2229 1889 2316 1948 ut
2370 1868 2471 1948 de

225 1983 481 2092 vomitu
532 1985 616 2061 in
661 1983 1103 2062 Antonium
1143 1984 1419 2062 Cicero
1460 2013 1482 2077 ;
1536 1996 1621 2060 In
1643 2006 1818 2060 coetu
1858 2008 2024 2060 vere
2055 1984 2307 2091 populi
2344 1994 2470 2059 Ro-

223 2096 396 2171 mani
425 2100 782 2204 negotq‘um
804 2090 1176 2204 publicum
1196 2121 1454 2202 gerens
1487 2092 1811 2201 magg'ster
1847 2101 2190 2202 equitum.
2302 2094 2470 2171 Sin-

219 2200 375 2307 gula
417 2196 976 2285 incrementum
1016 2203 1322 2285 habent.
1434 2205 1573 2283 Per
1614 2204 1688 2280 se
1731 2201 2083 2282 deforme
2119 2234 2141 2296 3
2178 2198 2306 2280 vel
2331 2231 2473 2281 non

225 2321 290 2388 in
325 2338 477 2393 coetu
494 2346 772 2396 vomere
795 2352 820 2394 .·
883 2322 965 2396 in
987 2338 1159 2396 coetu
1198 2323 1414 2394 etiam
1451 2342 1590 2393 non
1608 2315 1863 2423 populi
1901 2349 1925 2389 .·
1970 2316 2222 2424 populi
2257 2320 2477 2390 etiam

218 2450 333 2501 un
365 2433 657 2508 Romani
691 2457 708 2505 ε
741 2427 899 2527 ⁸vel
918 2425 999 2535 st
1041 2426 1310 2515 nullum
1349 2431 1708 2536 negotium
1749 2448 1988 2535 ageret
2006 2480 2027 2507 ‚
2064 2524 2065 2529 Ἰ
2097 2426 2222 2503 νεῖ
2232 2423 2315 2523 st
2336 2451 2478 2502 non

211 2532 532 2641 publicum
567 2575 592 2617 .·
654 2537 864 2641 welfi
900 2568 1040 2618 non
1080 2536 1405 2651 magister
1452 2542 1794 2649 equitum.
1914 2532 2063 2617 Sed
2111 2531 2301 2615 alius
2358 2533 2479 2636 di-

222 2645 475 2730 videret
511 2651 675 2734 haee
730 2655 808 2734 ὅ(
850 2653 1053 2729 circa
1109 2649 1442 2757 singulos
1503 2646 1783 2756 gradus
1817 2671 2306 2728 moraretur:
2337 2646 2470 2727 hie

212 2757 294 2856 ‚in
331 2759 636 2843 sublime
705 2764 943 2843 etiam
1004 2767 1242 2842 currit
1283 2752 1328 2847 ‚²
1393 2766 1474 2842 &
1528 2759 1623 2840 ad
1666 2759 2060 2841 summum
2113 2760 2470 2865 pervenit

219 2895 354 2949 non
388 2878 617 2965 nixu,
680 2869 815 2954 sed
868 2876 1178 2979 impetu.
1310 2878 1610 2956 Verum
1667 2894 1752 2951 ut
1811 2871 1972 2951 haec
2046 2867 2470 2978 amplifica-

219 2981 314 3060 tio
357 2984 428 3064 'm
462 2984 854 3092 superiora
901 2983 1146 3065 tendit
1180 3040 1205 3077 ,
1246 2987 1354 3065 ita
1392 3010 1562 3093 quae
1612 2980 1699 3062 fit
1748 3009 1890 3088 per
1949 2983 2467 3087 comparatio-

216 3116 421 3187 nem,
468 3100 1049 3177 incrementum
1112 3124 1212 3177 ex
1273 3093 1703 3180 minoribus
1762 3096 1977 3200 petit.
2071 3088 2461 3197 Augendo

222 3207 402 3285 enim
438 3207 658 3314 quod
705 3209 814 3289 est
862 3208 1059 3287 infra
1102 3263 1126 3299 ‚
1212 3205 1502 3287 necess'e
1556 3204 1667 3284 est
1722 3202 2043 3282 extollat
2101 3198 2182 3302 id
2249 3199 2466 3308 quod

221 3312 408 3420 supra
442 3317 782 3424 positum
821 3318 930 3398 est
973 3353 998 3397 .·
1059 3341 1146 3399 ut
1193 3315 1456 3408 idem,
1503 3338 1731 3424 atque
1782 3317 1864 3394 in
1918 3309 2201 3394 eodem
2253 3313 2469 3406 loeo;

207 3432 287 3508 *Si
321 3425 425 3509 hoc
461 3429 603 3511 tibi
664 3438 857 3511 inter
901 3460 1160 3510 coenam
1178 3485 1206 3521 ‚
1270 3427 1362 3522 ό·
1411 3435 1494 3509 in
1543 3432 1678 3508 Mis
1727 3423 2157 3506 immanibus
2189 3427 2473 3536 poculis
2575 3491 2589 3502 .

228 3544 358 3614 tuis
398 3541 739 3648 tccidfffit
761 3599 785 3627 ‚
839 3550 1008 3653 quis
1048 3572 1187 3622 non
1230 3565 1432 3652 turpe
1476 3540 1756 3621 duceret
1815 3546 1853 3617 ?
1934 3553 2019 3618 In
2080 3562 2252 3616 coetu
2306 3566 2472 3616 vere

201 3651 424 3755 populi
449 3662 775 3734 Romani.
871 3658 964 3733 Et
1006 3655 1087 3731 in
1118 3649 1524 3734 Catilinam
1559 3685 1585 3740 ς
1647 3657 1849 3730 Servi
1875 3646 2212 3756 mehercle
2249 3655 2392 3728 mei
2396 3647 2481 3754 st

215 3785 322 3836 me
349 3761 456 3864 ssa
468 3770 691 3876 pado
729 3787 1115 3846 metuerent
1136 3821 1164 3849 ‚
1210 3789 1295 3845 ut
1339 3786 1409 3844 te
1450 3785 1774 3843 metuunt
1823 3791 2073 3863 omnes,
2100 3767 2296 3841 cives
2311 3766 2471 3855 dms,

208 3868 468 3952 domum
505 3904 747 3958 meam
783 3876 1334 3987 relinquendam
1342 3899 1698 3987 putarem.
1762 3876 2082 3954 Interim
2127 3867 2474 3979 propost-

202 3999 283 4067 το
327 3983 540 4070 velut
611 3985 837 4069 simili
899 3987 1310 4102 exemplo,
1370 3982 1875 4096 efficiendum
1923 3983 2035 4068 est
2087 4005 2171 4064 ut
2204 3981 2295 4063 fit
2319 4005 2477 4103 ina-

1404 4102 1477 4178 0
1500 4124 1553 4180 o
1573 4124 1626 4180 o
1687 4112 1730 4177 Ξ.
2361 4113 2478 4191 Jus
