3557 5113
323 287 560 449 De
619 279 1059 489 Instit.
1102 274 1813 454 Oratorim
1850 276 2143 435 Lib.
2182 278 2371 441 V.
2624 309 2811 431 313·

227 615 450 705 liceat,
517 610 903 704 dicemus;
996 604 1418 691 dicendum
1498 604 1647 691 erit
1674 661 1700 705 ,
1768 605 2101 721 dignum
2168 614 2490 725 quidem
2517 610 2918 701 cix-‚xlm

231 747 444 807 morte
510 752 698 805 eum
745 749 891 833 pro
970 744 1130 831 quo
1187 722 1606 831 loquemur
1630 778 1657 814 ,
1747 724 2164 809 clementia
2232 753 2495 811 tamen

224 836 637 939 servandum
672 837 815 917 effe
849 834 974 916 vel
995 835 1276 943 frarem.
1371 839 1717 916 Primum
1747 845 2112 920 omnium
2147 870 2308 922 non
2345 846 2492 923 erit

223 973 319 1030 res
349 953 561 1030 nobis
613 948 795 1029 cum
851 947 1325 1037 adversario,
1385 947 1514 1026 sed
1572 977 1754 1029 cum
1802 951 2110 1052 judice:
2212 953 2493 1035 deinde

227 1065 437 1143 forma
492 1062 1007 1142 deliberativae
1064 1065 1311 1167 magis
1360 1067 1748 1152 materiae,
1816 1090 2048 1171 quam
2115 1065 2491 1166 judicialis

229 1199 516 1255 utemur.·
631 1168 1123 1253 suadebimus
1193 1177 1405 1252 enim
1467 1196 1552 1252 ut
1615 1173 1928 1254 laudem
1991 1178 2484 1258 humanitatis

223 1291 441 1394 potius
503 1313 740 1393 quam
788 1286 1273 1391 voluptatem
1332 1285 1647 1366 ultionis
1687 1289 2191 1391 concupiscat.
2250 1290 2485 1395 Apud

221 1398 469 1501 judiees
505 1397 824 1505 quidem
862 1397 1278 1476 secundum
1324 1396 1582 1501 legem
1625 1398 1964 1479 dicimos
2003 1399 2481 1497 sententiam,

221 1511 304 1589 de
338 1507 673 1591 confesfis
723 1513 1140 1615 praecipere
1195 1506 1606 1587 ridiculum
1644 1510 1771 1588 est.
1870 1517 2074 1619 Ergo
2125 1541 2293 1621 quae
2349 1540 2476 1593 nea

219 1642 349 1729 que
391 1625 646 1729 negari
703 1649 955 1729 neque
1022 1620 1409 1699 transferri
1463 1619 1769 1727 possunt
1808 1677 1829 1711 ‚
1887 1626 2150 1730 utique
2220 1624 2481 1703 defen-

221 1734 437 1815 denda
479 1735 1273 1842 sunt‚qualiacunque
1316 1732 1524 1825 sunt3
1589 1757 1725 1813 aut
1759 1734 1973 1813 causa
2020 1734 2475 1815 cedendum.

216 1847 530 1953 Negandi
565 1843 957 1953 duplicem
1010 1843 1479 1923 ostendimus
1515 1844 1894 1926 formam:
1964 1869 2094 1926 aut
2137 1852 2298 1928 non'
2337 1847 2480 1926 effe

212 1962 505 2050 fastum3
572 1983 703 2039 aut
760 1987 922 2039 non
977 1960 1125 2037 ho'c
1189 1956 1380 2049 effe,
1442 1957 1656 2066 quod
1720 1960 2003 2040 fastum
2063 1957 2169 2039 fit.
2288 1965 2480 2065 Qae

209 2092 433 2181 neque
495 2071 805 2152 defendi
863 2100 1110 2179 neque
1161 2072 1548 2181 transferri
1602 2072 1954 2177 potsunt,
2021 2078 2285 2180 utique
2344 2100 2477 2150 ne·-

207 2183 483 2290 ganda:
593 2205 739 2264 nec'
795 2186 1044 2268 lolum
1093 2183 1149 2263 si
1212 2183 1470 2264 finitio
1517 2184 1767 2287 potest
1814 2180 1959 2265 effe
2013 2212 2160 2288 pro
2213 2182 2477 2273 nobis,

203 2296 314 2373 sed
359 2300 589 2375 etiam
628 2296 683 2376 sl
733 2296 937 2377 nuda
973 2296 1343 2376 inficiatio
1412 2294 1762 2400 superest.
1881 2295 2144 2375 Testes
2204 2290 2475 2374 erunt?

209 2408 534 2487 multa'in
552 2435 687 2487 eos
707 2407 959 2488 dicere
978 2409 1173 2487 licet.
1207 2408 1837 2514 Chirographum
1860 2407 1884 2486 ἒ
1920 2406 2017 2486 de
2042 2404 2475 2484 similitudi-

211 2542 293 2599 ηε·
318 2519 702 2601 literarum
740 2519 1273 2601 differendum.
1318 2524 1527 2628 Utiq;
1565 2495 1761 2598 nihil
1799 2522 1945 2599 erit
1985 2524 2196 2625 pejus
2234 2546 2470 2626 quam

206 2633 570 2714 confessio.
673 2635 961 2718 Ultima
1009 2633 1118 2710 est·
1149 2635 1461 2711 afflonis
1508 2630 2064 2722 controversia,
2099 2658 2281 2712 cum
2339 2630 2479 2709 de«

211 2744 542 2826 fendendi
584 2745 1010 2853 negandive
1050 2772 1211 2823 non
1251 2745 1359 2823 est
1412 2744 1670 2834 locus,
1724 2742 2133 2824 transsatio.
2227 2745 2471 2848 Atqui

204 2859 530 2963 quaedam
578 2859 751 2938 sunt
815 2879 981 2964 quae
1042 2883 1290 2964 neque
1329 2858 1627 2961 negari,
1675 2882 1926 2964 neque
1964 2851 2313 2942 defendi,
2338 2880 2467 2931 ne-

202 2995 338 3076 que
375 2971 756 3050 transferri
795 2968 1116 3075 poffunt.
1231 2966 1618 3047 Adulterii
1660 2993 1789 3048 rea
1823 2967 1976 3058 est,
2034 2987 2202 3075 quae
2227 2991 2468 3072 quum

200 3101 399 3160 anno
453 3082 674 3162 vidua
728 3081 1008 3172 fuiss'et‚
1070 3083 1291 3159 enixa
1357 3081 1484 3158 est.
1553 3080 1644 3158 lis
1709 3107 1871 3158 non
1929 3080 2094 3158 erit⁸
2209 3082 2471 3182 Qare

209 3191 394 3270 illud
429 3187 832 3274 stultissime
876 3195 1351 3299 praecipitum
1395 3188 1632 3287 Quod
1673 3186 1985 3269 defendi
2026 3215 2187 3266 non
2212 3184 2467 3292 possit,

201 3301 482 3385 filcntio
533 3303 1197 3386 dissimulandum:
1305 3299 1681 3408 fiquidem
1726 3301 1835 3380 est
1900 3301 1976 3380 id
2017 3296 2115 3378 de
2151 3321 2327 3406 quo·
2360 3301 2468 3398 ju-

197 3414 337 3496 dex
388 3422 1021 3523 pronunciaturus
1072 3415 1198 3495 est.
1238 3473 1247 3483 =
1313 3417 1421 3492 At
1470 3411 1525 3491 si
1583 3436 1821 3493 extra
1854 3411 2155 3492 causam
2207 3407 2297 3488 sit
2339 3407 2469 3490 ad-

200 3523 529 3621 dunum,
587 3536 666 3610 ὅ(
730 3552 991 3608 tamen
1040 3527 1538 3626 conjunCtum
1574 3583 1597 3616 ‚
1662 3523 1933 3604 malim
1994 3520 2311 3631 quidem
2364 3519 2471 3603 di·

199 3666 405 3725 cere,
463 3641 661 3722 nihil
717 3640 797 3720 id
851 3639 946 3720 ad
1007 3640 1545 3748 quaestio'nem,
1613 3664 1755 3717 nec
1813 3633 1957 3714 effe
2012 3639 2090 3714 in
2131 3634 2247 3712 his
2294 3662 2467 3712 mo-

197 3753 496 3833 randum
535 3814 557 3838 ‚
627 3758 704 3833 δι’
755 3757 1008 3831 minus
1046 3751 1190 3830 esse
1229 3776 1466 3858 quam
1504 3748 1971 3831 adversarius
2019 3746 2205 3826 dicit
2246 3777 2262 3823 ε
2358 3768 2470 3825 ta·
2534 3819 2547 3825 -

178 3891 350 3945 men
388 3869 599 3947 velut
656 3866 836 3943 huic
873 3865 1339 3942 simulationi
1390 3863 1805 3944 oblivionis
1845 3858 2255 3966 ignoscam.
2316 3864 2470 3938 De-

167 3979 284 4060 bet
331 3982 554 4059 enim
593 3977 844 4056 bonus
893 3974 1299 4056 advocatus
1349 3999 1495 4080 pro
1556 3979 1666 4054 rei
1701 3971 1933 4052 salute
1977 3972 2296 4054 brevem
2333 3986 2468 4047 nea

159 4091 553 4200 gligentiat
596 4084 1278 4192 reprehensionem
1316 4114 1479 4165 non
1529 4077 2085 4191 pertimescere.
2179 4076 2468 4266 Vigen-

245 4211 250 4214 ’
931 4223 934 4232 ¹
1378 4200 1456 4276 R
1477 4220 1518 4273 r
2332 4215 2468 4278 um
