3557 5113
234 311 471 477 De
510 304 952 518 Instit.
996 313 1708 489 oratoria,
1741 310 2036 473 Lib.
2071 317 2165 471 I.
2542 350 2673 469 35

162 644 331 720 nonis
376 639 720 745 ,accidere
792 670 980 725 eum
1038 644 1509 728 confitentur
1539 705 1563 741 ,
1612 654 1792 760 quia
1845 672 2107 731 tamen
2156 652 2385 733 unius
2410 687 2524 764 CA
2552 705 2616 758 p,
2668 682 2797 763 lv,

160 750 619 834 emendatione
667 757 883 836 verbi
935 764 1227 866 corrigi
1284 761 1517 867 possit
1552 819 1574 854 ‚
1643 768 1723 843 in
1788 763 2027 848 verbo
2078 763 2222 843 esse
2275 766 2384 847 vi-

160 870 305 944 tium
329 920 351 955 ,
414 894 565 947 non
624 870 705 946 in
750 868 1104 952 sermone
1166 873 1689 955 contendunt:
1759 904 1943 957 cum
1996 874 2381 958 fiveama-

159 1007 222 1058 re
251 986 480 1059 corticis
508 1036 532 1065 ‚
600 978 725 1061 seu
775 982 1008 1063 medio
1057 993 1308 1066 cortice
1338 1041 1360 1076 ,
1440 1014 1582 1094 per
1636 1015 1880 1095 genus
1936 988 2123 1068 facit
2169 986 2389 1068 soloe-

160 1090 428 1171 cismum.
483 1117 822 1198 quorum
871 1121 1241 1177 neutrum
1291 1097 1611 1206 quidem
1653 1098 2167 1207 reprehendo,
2203 1127 2387 1179 cum

156 1199 223 1280 fit
256 1203 605 1313 utriusque
656 1205 1022 1314 Virgilius
1077 1211 1362 1290 audior.
1466 1208 1613 1290 Sed
1658 1210 2041 1318 fingamus
2090 1234 2388 1317 utrum-¹

157 1313 293 1396 libet
330 1344 468 1395 non
518 1317 724 1399 recte
802 1318 1097 1401 distum
1140 1353 1155 1399 :
1255 1326 1592 1402 mutatio
1644 1326 1856 1404 vocis
1914 1323 2222 1404 alterius
2302 1326 2385 1403 in

154 1453 273 1533 qua
306 1433 547 1511 vitium
594 1453 762 1510 erat
789 1487 813 1521 ,
878 1435 1168 1513 restam
1214 1431 1587 1541 loquendi
1633 1437 2020 1514 rationem
2066 1431 2169 1513 s1c
2219 1431 2392 1535 rcdq

155 1535 252 1616 dit
282 1595 302 1628 ,
351 1564 421 1620 ut
456 1551 689 1621 amari
743 1552 1011 1625 corticis
1063 1543 1196 1624 fiat
1232 1603 1271 1635 ‚,
1321 1544 1448 1627 vel
1502 1548 1757 1645 ‚madia
1820 1556 2088 1627 cortice.
2161 1543 2377 1652 quod

152 1652 473 1733 manifeste
539 1654 928 1736 calumnia
999 1656 1169 1736 est:
1283 1680 1653 1736 neutrum
1728 1662 1945 1737 enirn
2020 1655 2388 1739 vitiosum

149 1761 502 1869 separatum
583 1765 696 1871 esss
735 1821 759 1857 ‚
826 1766 954 1847 sed
1023 1767 1586 1874 compositione
1663 1791 2032 1889 peccatur
2070 1822 2096 1858 ‚
2207 1795 2381 1877 quae

151 1877 268 1975 jam
342 1877 695 1959 sermonis
763 1878 891 1963 est.
1040 1878 1271 1989 Illud,
1322 1879 1693 1961 eruditius
1765 1884 2165 1991 quaeritur
2190 1934 2214 1968 ,
2284 1907 2385 1969 an

154 1988 210 2063 in
272 1987 547 2098 singulis
616 2018 933 2100 quoque
1000 1991 1253 2072 verbis
1278 1990 1538 2099 ,poffit
1609 1991 1782 2074 fieri
1848 1990 2380 2076 soloecismus?

152 2120 212 2215 pt
252 2099 298 2180 fi
341 2133 566 2186 unum
641 2106 813 2211 quis
877 2098 975 2182 ad
1034 2102 1110 2182 se
1172 2130 1455 2184 vocans
1508 2101 1710 2185 dicat
1765 2104 2052 2187 venite.-
2133 2124 2262 2184 aut
2322 2101 2380 2183 fi

143 2210 348 2316 plures
394 2245 436 2296 a
466 2216 538 2296 se
585 2214 1040 2305 dimittens,
1106 2218 1211 2295 ita
1272 2213 1638 2323 loquatur
1669 2273 1691 2306 ‚
1754 2200 1882 2297 ali
1917 2274 1939 2307 ,
2006 2237 2183 2307 aut,
2273 2215 2381 2295 di-

118 2322 308 2427 ſsed.
405 2334 554 2409 Nec
633 2356 802 2411 non
861 2320 1042 2435 cum
1100 2322 1547 2434 responlim‘i
1604 2328 1697 2407 ab
1768 2329 2378 2434 interrogatione

139 2433 470 2519 dissentit:
527 2463 604 2520 ut
645 2438 704 2518 fi
756 2437 1045 2519 dicenti
1081 2494 1105 2530 ‚
1169 2434 1425 2546 Qem‘
1464 2434 1736 2523 &ideal
1834 2443 1941 2521 ita
1980 2466 2334 2522 occurras
2352 2493 2378 2528 ‚

136 2558 270 2656 Ego.
363 2555 438 2632 In
489 2552 709 2659 gestu
767 2555 1007 2633 etiam
1062 2550 1425 2633 nonnulli
1492 2573 1769 2661 putant
1809 2548 2057 2633 ‘idem
2096 2551 2378 2652 vitium

139 2659 353 2753 inest,
409 2691 649 2773 quum
706 2662 917 2746 aliud
981 2691 1223 2754 voce,
1287 2661 1496 2746 aliud
1555 2686 1754 2745 nutu
1795 2663 1937 2758 vel
1975 2690 2214 2744 manu
2252 2661 2376 2742 de-

146 2774 548 2858 monstratur.
646 2781 860 2858 Huic
918 2771 1272 2883 opinioni
1320 2802 1576 2885 neque
1638 2778 1971 2856 omnino
2045 2774 2330 2857 accedo
2352 2830 2375 2863 ‚

148 2907 333 2992 neque
367 2889 585 2995 plane
646 2887 1025 2969 dissentia
1112 2915 1299 2967 nam
1349 2887 1429 2968 id
1470 2888 1720 2969 fateor
1774 2886 1985 2994 poss'e
2029 2885 2375 2967 accidere

145 3020 283 3076 voce
323 3027 454 3081 una
487 3058 509 3093 ,
575 3030 753 3080 non
824 3024 1087 3094 tamen
1138 2996 1362 3078 aliter
1393 3056 1419 3090 ,
1504 3027 1744 3108 quam
1800 2998 1858 3078 ss
1912 2996 2005 3078 fit
2087 2993 2378 3105 aliquid

140 3107 475 3212 quodvim
538 3113 862 3195 alterius
906 3114 1116 3192 vocis
1165 3111 1562 3215 obtin-eat,
1628 3109 1726 3191 ad
1769 3108 1986 3218 quod
2041 3138 2200 3191 vox
2248 3107 2379 3189 illa

142 3219 480 3306 referatur:
584 3251 678 3307 ut
727 3221 1191 3306 soloecifinus
1247 3250 1344 3304 ex
1418 3223 1838 3328 complexu
1914 3220 2048 3300 fiat
2101 3216 2380 3304 eorum'

145 3333 347 3434 quibus
395 3368 506 3419 res
542 3335 1079 3448 significantur
1111 3390 1136 3425 ,
1213 3341 1293 3416 ὅ(
1350 3335 1706 3415 voluntas
1746 3330 2196 3411 ostenditur.
2243 3336 2381 3409 At-

155 3465 253 3545 que
280 3473 347 3530 ut
393 3477 726 3533 omnem
770 3447 1137 3555 effugiam
1195 3446 1773 3548 cavillationem
1799 3497 1828 3534 ,
1884 3442 1972 3525 fit
2040 3442 2382 3550 aliquan-

158 3549 232 3629 do
259 3562 316 3639 in
352 3591 495 3644 uno
529 3563 833 3651 verbo,
899 3587 1297 3668 nunquam
1342 3563 1423 3639 in
1465 3559 1632 3639 solo
1670 3557 1933 3640 verbo.
2013 3558 2154 3634 Per
2183 3550 2380 3663 quot

158 3687 339 3750 autem
373 3680 441 3755 δι
484 3704 685 3784 quas
758 3671 1052 3753 accidat
1110 3669 1390 3777 species
1424 3727 1445 3762 ‚
1509 3699 1676 3756 non
1743 3668 1917 3749 satis
1988 3667 2378 3775 convenit.

160 3777 282 3879 Qi
334 3785 745 3892 plenissime
789 3842 833 3876 ,Α
911 3781 1551 3894 quadripertitam
1619 3782 1898 3877 volunt
1954 3778 2099 3859 effe
2158 3778 2387 3858 ratio·

139 3911 332 3985 nem,
386 3926 493 3982 nec
546 3903 812 3980 aliam
862 3924 1100 4005 quam
1149 3895 1645 3993 barbarismi:
1743 3915 1830 3974 ut
1885 3889 2020 3970 fiat
2080 3888 2385 3998 adjecti-

135 4024 247 4081 one
269 4060 293 4095 2
357 4034 426 4093 ut
472 4021 655 4096 Veni
709 4008 813 4089 de
865 4009 1040 4120 Stfis
1083 4018 1167 4091 in
1215 4008 1750 4090 Alexandriam.
1857 4003 2385 4087 Detrafflone2

136 4115 353 4204 &bule
400 4134 649 4215 viam,
707 4134 1031 4235 AEgypto‘
1046 4115 1274 4208 venio.
1362 4136 1474 4200 Ne
1511 4118 1639 4202 hoc
1654 4121 1899 4227 ficit?
1974 4111 2385 4197 Tranfinu-

1330 4237 1392 4319 E
1442 4258 1475 4331 3
2277 4243 2390 4307 ta·-
