3557 5113
760 271 990 392 592
1263 240 1521 343 Μ.
1619 240 1998 342 FA1311
2108 237 3101 371 Q1NCT1L1AN1

730 561 919 638 Cn.
960 562 1015 640 1.
1084 548 1278 648 dem
1305 552 1733 644 maximus,
1786 543 1913 624 sed
1946 571 2113 624 non
2154 542 2250 624 ad
2307 542 2764 652 praesentem
2799 557 3203 660 pertinens
3273 557 3374 640 lo-

755 679 764 690 ·
866 659 876 672 ‘
1011 666 1018 674 ’
1086 663 1274 744 eum
1306 717 1332 754 ‚
1369 690 1467 741 ex
1505 659 1957 767 cognitione
1999 665 2261 737 rerum
2301 661 3005 776 exemplorumque
3030 728 3052 756 ‚
3118 673 3377 779 quibus

1089 776 1445 884 inprimis
1493 770 1898 853 instruetus
1948 769 2093 850 effe
2151 768 2379 851 debet
2401 794 2673 855 orator
2750 833 2777 871 ‚
2840 807 2942 860 ne
2972 790 3254 865 omnia
3290 811 3375 867 te·

1089 889 1455 970 stimonia
1481 885 1839 994 expediet
1862 910 1904 961 a
1936 881 2329 990 litigatore
2371 914 2389 964 ε
2428 882 2556 964 sed
2591 888 2960 1000 pleraque
2996 923 3101 977 ex
3189 922 3380 982 vetu-

1095 1001 1284 1086 state
1320 997 1731 1107 diligenter
1766 995 1906 1076 fibi
1966 999 2278 1101 cognita
2322 994 2566 1075 sumat
2602 1032 2619 1078 :
2718 1002 2872 1083 hoc
2913 1014 3375 1112 potentiora,

1121 1110 1313 1194 ''uod
1341 1103 1436 1191 'ea
1471 1107 1626 1191 sola
1660 1109 2108 1189 criminibus
2144 1105 2307 1188 odii
2349 1113 2429 1189 ὅ(
2464 1115 2726 1217 gratia:
2766 1145 3064 1201 vacant.
3124 1131 3201 1202 A
3229 1126 3379 1231 phi-

1094 1141 1611 1332 {sophorum
1660 1249 1854 1322 vero
1898 1220 2228 1301 lestione
2267 1240 2354 1301 ut
2415 1221 2651 1307 essent
2697 1230 2920 1311 nobis
2974 1235 3227 1315 multa
3262 1265 3374 1343 pe·

705 1379 743 1415 κ
1097 1335 1358 1429 tenda,
1393 1340 1591 1419 vitio
1628 1334 1916 1415 faCtum
1950 1334 2061 1414 est
2102 1354 2507 1416 oratorum
2550 1394 2574 1422 ‚
2653 1343 2786 1446 qui
2819 1346 3150 1451 quidem
3225 1352 3375 1435 illis.

1096 1453 1400 1560 optima
1439 1448 1551 1528 sui
1583 1451 1841 1554 operis
1878 1471 2092 1553 parte
2137 1443 2535 1529 cefferunt.
2644 1457 2974 1538 Nam&
3016 1458 3118 1539 de
3164 1461 3371 1564 justis,

1097 1562 1460 1647 honestis,
1490 1560 1831 1654 utilibus,
1871 1587 2189 1669 quaeque
2228 1557 2394 1638 sunt
2424 1560 2542 1640 his
2574 1572 2959 1649 contraria
2989 1627 3014 1661 ‚
3060 1578 3139 1653 &
3158 1572 3253 1653 de
3270 1604 3372 1654 re-

1096 1673 1235 1757 Bus
1276 1673 1558 1757 divinis
1607 1676 1953 1780 maxime
1987 1674 2282 1762 dieunt,
2321 1677 2399 1753 ὃ(
2432 1701 3067 1782 argumentantur
3089 1690 3365 1767 acriter:

1096 1793 1184 1870 δε
1262 1788 1885 1868 altercationibus
1935 1808 2161 1893 atque
2224 1787 2962 1893 interrogationibus
2996 1822 3375 1878 oratorem

1097 1893 1441 1982 futurum
1480 1903 1784 2007 optime
1822 1901 2187 1979 Socratici
2213 1924 2669 2005 praeparant.
2751 1904 2900 1986 Sed
2929 1907 3039 1988 his
3071 1937 3364 2018 quoque

1100 2003 1629 2093 adhibendum
1663 2010 1776 2092 est
1806 2010 2053 2092 fimile
2084 2002 2479 2116 judicium,
2545 2038 2630 2120 ut
2659 2018 2900 2112 etiam
2936 2049 3116 2101 ,cum
3155 2026 3354 2101 inre-

1101 2124 1244 2205 bus
1265 2124 1659 2226 versemur
1703 2122 2002 2209 iisdem,
2048 2151 2211 2204 non
2246 2144 2511 2203 tamen
2540 2126 2873 2210 eandem
2914 2133 3063 2213 effe
3118 2134 3369 2216 condi·

1105 2238 1414 2318 tionem'
1444 2236 1764 2317 [biamus
1794 2236 2053 2323 litium
2089 2262 2177 2315 ac
2217 2233 2830 2340 disputationum
2866 2299 2890 2334 ,
2952 2246 3111 2327 fori
3146 2255 3217 2330 &
3258 2277 3372 2329 au·

1106 2349 1370 2444 ditorii
1393 2407 1416 2442 ,
1448 2365 2017 2455 p'raeceptorum
2052 2353 2130 2428 δ(
2165 2347 2712 2447 periculorum.
2787 2357 3057 2440 Credo
3100 2363 3367 2441 exastu-

1100 2490 1229 2542 ros
1265 2460 1662 2572 plerosque
1687 2449 1953 2554 {eum
1988 2468 2288 2554 tantum
2328 2459 2474 2573 effe
2513 2463 2855 2546 utilitatis
2927 2473 3023 2550 in
3071 2472 3377 2584 legendo

1102 2558 1555 2676 judicemus,
1600 2566 1811 2654 ut'id
1848 2568 2161 2682 quoque
2204 2571 2711 2685 adjungamus
2761 2587 3035 2686 operi,
3087 2591 3217 2695 qui
3251 2587 3377 2666 sint

1098 2685 1405 2794 legendi
1438 2743 1463 2773 ,
1504 2714 1672 2794 quae
1709 2687 1791 2764 in
1826 2712 2137 2874 quoque
2178 2688 2489 2765 austore
2531 2694 2911 2797 praecipua
2952 2701 3222 2781 virtus.
3251 2697 3374 2783 Sed

1108 2798 1453 2908 persequi
1493 2797 1866 2904 singulos,
1904 2799 1984 2876 in
2045 2798 2191 2875 niti
2222 2797 2449 2876 fuerit
2491 2806 2767 2906 operis.
2877 2812 3374 2918 Quippecum

1107 2917 1186 3009 in
1231 2916 1476 3013 Bruto
1509 2910 1611 3007 M
1666 2907 1966 2989 Tullius
2006 2912 2125 2989 tot
2167 2908 2507 2991 millibus
2559 2911 2915 2997 versuum
2968 2920 3075 3003 de
3122 2931 3378 3005 Roma-

1109 3027 1228 3104 nis
1273 3018 1573 3105 tanturn
1616 3020 2049 3102 oratoribus
2087 3021 2493 3129 loquatur,
2573 3031 2651 3106 &
2679 3051 2945 3109 tamen
3008 3032 3115 3115 de
3158 3040 3378 3127 omm‘-

1107 3139 1244 3222 bus
1300 3138 1534 3217 aetatis
1582 3133 1729 3216 suae
1768 3191 1793 3225 ,
1892 3132 2085 3243 quid
2111 3133 2431 3242 quisque
2478 3138 2930 3221 condiderat
2972 3195 2996 3229 ,
3072 3154 3377 3258 exceptis

1103 3246 1396 3331 Caefare
1437 3269 1666 3356 atque
1707 3247 2082 3327 Marcello
2145 3301 2172 3338 ‚
2267 3246 2654 3330 filentinm
2697 3257 2942 3362 egerit
2981 3293 3008 3335 .·
3067 3268 3236 3369 quis
3263 3267 3383 3342 erit

1107 3360 1413 3444 modus,
1451 3357 1505 3438 sl
1549 3365 1630 3439 &
1664 3359 1841 3438 illos
1880 3418 1899 3444 ,
1960 3365 2035 3439 &
2075 3361 2209 3466 qui
2250 3360 2513 3464 postea
2547 3362 2860 3447 fuerunt
2890 3424 2915 3458 ,
2961 3374 3048 3450 δε
3104 3379 3381 3455 Graeeos

1105 3490 1383 3581 omnes
1429 3474 1508 3553 &¹
1588 3469 2039 3585 hilosophos·
2070 3474 2148 3552 ὃς
2191 3482 2461 3577 poetas
2503 3477 2856 3587 persequi
2896 3481 3198 3585 velim?
3232 3493 3383 3569 fue-

1110 3590 1211 3666 rit
1251 3588 1490 3693 igitur
1527 3500 1861 3665 brevitas
1899 3584 2026 3663 illa
2070 3584 2438 3664 tut'iffima
2462 3642 2482 3676 ,
2519 3616 2690 3696 quae
2728 3591 3069 3699 estapud
3094 3601 3384 3683 Livium

1106 3701 1189 3780 in
1224 3696 1546 3804 epistola
1585 3695 1683 3775 ad
1703 3694 1951 3776 filium
1988 3695 2262 3802 scripta
2292 3728 2309 3776 ε
2336 3700 3265 3812 Legend'osDemostbenem
3294 3738 3385 3792 ιτ·

1108 3840 1246 3925 que
1290 3817 1684 3889 Ciceronem
1720 3844 1744 3886 .·
1796 3833 1953 3889 tum
1988 3816 2101 3889 ita
2143 3834 2226 3890 ut
2278 3812 2568 3922 qussq'ue
2620 3812 2771 3922 effit
2823 3824 3282 3931 Demstbeni
3303 3823 3385 3917 ό·

1113 3926 1429 4033 Ciceroni
1441 3922 1873 4022 simillimus.
1952 3926 2142 4000 Non
2195 3922 2305 4003 est
2339 3946 2601 4013 tamen
2638 3924 3189 4017 diffimulanda
3265 3965 3385 4019 noi

1109 4037 1244 4119 stri
1277 4059 1589 4149 quoque
1633 4031 1903 4139 judicii
1932 4033 2254 4118 summa.
2322 4039 2605 4165 Paucos
2643 4043 2855 4124 enim
2894 4098 2923 4138 ,
2969 4050 3108 4150 vel
3150 4054 3391 4159 potius

1555 4174 1566 4183 ·
3251 4187 3379 4247 vix
