3557 5113
300 76 516 368 De
555 189 2030 406 [fflitOratoriaLib.
2089 188 2353 364 ῙΧ.Ἰ
2587 224 2781 345 533,

201 511 454 608 δείνωσις,
494 512 836 606 adulari,
882 512 1300 622 ignoscere,
1344 511 1713 608 fastidire,
1738 513 2189 612 admonere,
2234 513 2437 602 fatis-
2488 520 2676 601 Cn.
2722 515 2818 594 11·'

198 632 433 720 facere,
471 632 796 737 precari,
836 628 1254 734 corripere,
1297 624 1578 736 figuras
1613 649 1847 734 putat.
1936 630 2443 714 partitionem
2786 630 2793 639 ⁶

147 738 154 757 ‘
242 770 508 850 uoque,
553 744 632 821 δι
673 738 1282 846 propositionem
1308 796 1333 832 ,
1400 742 1476 822 &
1520 736 2019 826 divifionem,
2057 744 2137 825 &
2177 772 2443 829 rerum
2516 816 2527 824 .

197 772 475 935 duarum
512 854 1057 959 cognationem
1084 906 1104 941 ‚
1138 851 1351 957 quod
1395 852 1504 932 est
1548 875 1634 933 ut
1676 851 1890 940 idem
1931 852 2235 936 valeant
2272 882 2442 964 quae

195 967 513 1047 videntur
554 962 698 1043 ess'e
742 960 1042 1046 diversa
1085 998 1110 1052 ,-
1189 987 1273 1044 ut
1310 993 1472 1044 non
1515 966 1572 1043 is
1615 962 1938 1044 demum
2005 963 2094 1046 fit
2151 968 2445 1056 venefiss

200 1106 341 1168 cus,
380 1078 508 1186 qui
548 1076 789 1159 vitam
836 1073 1138 1156 abstulit
1201 1072 1376 1156 data
1480 1079 1749 1156 orione
1796 1133 1818 1168 ,
1854 1073 2003 1159 'sed
2038 1078 2270 1160 etiam
2307 1082 2445 1190 qui

197 1212 496 1270 mentem
540 1220 557 1268 :
603 1186 817 1297 quod
882 1185 1097 1266 estin
1133 1210 1353 1292 parte
1394 1104 1791 1267 fipnitionis.
1923 1188 2254 1272 Rutilius
2289 1192 2446 1277 five

199 1304 516 1408 Gorgias,
558 1300 977 1396 ἀναγκαῖον,
1020 1306 1375 1396 αἰναζμνησιν
1401 1356 1423 1390 ,
1475 1296 1984 1412 οἷνθυποφοξοῖν,
2035 1304 2451 1402 σι’ντίρἾῖησ-ιν,

194 1412 599 1515 παραύξησιν,
638 1409 1062 1507 προέκθεσιν,
1094 1407 1307 1517 quod
1349 1409 1458 1490 est
1499 1407 1754 1491 dicere
1801 1412 1988 1518 quid
2022 1413 2451 1521 fieriopor-

201 1528 393 1606 tuerit
429 1581 450 1609 ‚
494 1521 779 1604 deinde
825 1521 1010 1630 quid
1055 1522 1340 1602 facium
1380 1521 1472 1602 fit
1511 1556 1527 1602 ε
1567 1529 2004 1611 ἐναντιότητα
2068 1523 2271 1609 unde
2306 1526 2454 1611 sint

197 1639 735 1744 enthymemata
767 1634 953 1726 εκαΊ·
987 1636 1313 1712 αἰτίαις-ιν
1362 1627 1768 1742 μετάληψιν
1792 1638 2049 1728 etiam,
2089 1666 2247 1745 quo
2267 1641 2461 1723 statu

194 1751 671 1856 Hermagoras
712 1750 973 1828 utitur.
1066 1745 1424 1828 Visellius
1469 1775 1908 1856 quanquam
1969 1750 2449 1855 paucissimas

196 1858 377 1941 faciat
410 1861 715 1969 figuras,
761 1859 943 1938 facit
981 1855 1353 1958 ἐνθύμημα
1409 1880 1672 1940 tamen
1713 1917 1733 1943 ,
1777 1861 1991 1968 quod
2044 1891 2463 1951 commen-

195 1993 337 2053 tum
392 1995 613 2056 vocat
656 2007 680 2049 .·
751 1978 830 2054 &
891 1975 1275 2051 rationem
1320 1972 1708 2077 appellans
1755 1970 2209 2082 ἐπιχείρημα,
2252 1978 2459 2056 inter

191 2111 296 2165 eas
326 2085 557 2165 habet.
615 2081 832 2192 quod
875 2081 1196 2192 quidem
1233 2087 1508 2190 recipit
1549 2084 2143 2192 quodammodo
2177 2093 2255 2169 δ(
2279 2088 2450 2169 Cel-

191 2196 317 2276 sus:
357 2210 520 2276 nam
566 2195 1046 2303 consequens
1088 2222 1185 2273 an
1230 2196 1719 2301 epicherema
1743 2195 1831 2280 fit
1860 2254 1883 2287 ‚
1925 2197 2237 2279 dubitat.
2308 2201 2449 2280 Vi-

191 2305 404 2388 senius
436 2307 695 2414 adjicit
735 2313 813 2390 &
856 2308 1341 2389 sententiam.
1439 2311 1792 2388 ‘Invenio
1844 2316 1977 2418 qui
2024 2335 2447 2418 aggregem

193 2418 291 2498 his
328 2413 671 2507 ὃιαια-κευαίς
697 2476 714 2504 ,
764 2414 1278 2529 ἀπαγορεύω-εις,
1314 2410 1879 2529 παροιδιηγῆσας.
1965 2422 2113 2503 Sed
2157 2447 2242 2506 ut
2284 2423 2448 2505 haec

190 2559 324 2612 non
357 2531 514 2615 sunt
572 2532 960 2614 schemata
1002 2565 1019 2612 :
1071 2529 1172 2611 fic
1215 2532 1359 2612 alia
1395 2531 1521 2616 vel
1552 2529 1700 2613 sint
1735 2532 2057 2614 forfitan
2087 2592 2112 2629 ‚
2170 2562 2258 2616 ac
2300 2565 2445 2619 nos

189 2642 521 2751 fingerint:
567 2646 699 2731 vel
738 2648 978 2726 etiam
1011 2671 1216 2724 nova
1258 2642 1428 2725 fieri
1463 2642 1712 2724 adhuc
1761 2644 2071 2754 possint‚
2105 2647 2448 2752 ejusdem

192 2776 418 2844 tamen
456 2783 750 2841 naturae
781 2814 805 2851 ,
849 2761 1058 2860 cujus
1089 2755 1258 2838 sunt
1296 2784 1385 2838 ea
1415 2756 1512 2837 de
1549 2758 1825 2867 quibus
1857 2758 2150 2841 dictum
2197 2761 2327 2842 est.

299 2989 366 3067 V
389 2990 539 3066 ER
560 2990 627 3066 B
652 2989 914 3068 ORU
938 2987 1026 3066 M
1064 3010 1255 3066 vero
1295 2981 1562 3090 figurae
1595 2987 1674 3065 &
1709 3004 2022 3065 mutatae
2055 2983 2226 3068 sunt
2268 2984 2457 3065 sem-
2483 3022 2671 3102 Cn·
2727 3020 2846 3101 m,

183 3119 306 3199 per
339 3154 361 3183 ‚
401 3106 476 3181 &
508 3122 907 3207 utcunque
964 3096 1202 3179 valuit
1240 3093 1719 3178 consuetudo
1752 3152 1774 3184 ,
1818 3118 2239 3179 mutantur.
2313 3103 2452 3177 Ita-

190 3232 322 3315 que
351 3207 402 3292 s1
444 3215 857 3319 antiquum
896 3210 1335 3290 sermonem
1385 3207 1651 3287 nostro
1690 3235 2231 3315 comparemus
2254 3264 2277 3300 ‚
2323 3237 2459 3316 pe-

187 3344 273 3397 ne
310 3325 451 3417 jam
490 3321 871 3431 quicquid
906 3323 1347 3429 loquimur,
1389 3319 1635 3426 figura
1675 3320 1785 3399 est
1820 3321 2161 3412 :un-huic
2193 3330 2303 3405 rei
2338 3332 2448 3404 in·

183 3433 399 3513 videre
417 3472 440 3513 .-
465 3465 656 3522 non,
675 3458 763 3516 ut
786 3462 1062 3516 omnes
1089 3459 1408 3522 veteres,
1438 3437 1513 3514 &
1536 3436 1815 3514 Cicero
1846 3439 2253 3542 praecipue5
2273 3433 2461 3536 banc

191 3569 323 3619 rem
341 3582 360 3619 .·
390 3552 484 3637 ὃς,
523 3547 932 3631 incumbere
950 3551 1086 3635 iffi,
1128 3574 1315 3628 non,
1351 3554 1433 3625 in
1473 3549 1673 3625 iffum
1717 3578 1734 3624 ε
1787 3550 1890 3637 &,
1915 3550 2211 3659 plenum
2254 3557 2454 3642 vino,

181 3679 349 3740 non,
377 3668 536 3741 vini
568 3693 588 3742 ε
631 3667 750 3746 &‚
790 3659 979 3744 huic,
1023 3685 1208 3744 non,
1249 3656 1438 3738 bunc
1457 3658 1773 3744 adulari,
1800 3663 1956 3761 jam
1999 3656 2274 3742 dicitur
2300 3718 2322 3752 ,
2374 3663 2457 3741 &

179 3767 378 3848 mille
414 3771 556 3855 alia
613 3805 636 3854 ε
707 3777 1161 3878 utinamque
1205 3798 1364 3850 non
1406 3773 1671 3878 pejora
1712 3774 2036 3853 vincant.
2132 3779 2460 3872 {Verum

171 3878 536 3964 schemata
572 3881 813 3986 λέξεως
855 3886 1192 3965 duorum
1239 3882 1406 3962 sunt
1457 3887 1832 3990 generum
1873 3885 2307 3978 ‚·',a1te1‘·um'
2341 3883 2461 3992 16.

168 3995 440 4101 quendi
471 4000 872 4081 rationem
902 4016 1183 4086 vocant
1239 4030 1263 4073 .·
1356 3995 1686 4080 alterum
1730 3998 1951 4108 quod
1982 4000 2079 4083 ad
2100 4000 2452 4118 colloca,-

1102 4109 1189 4201 X
1217 4135 1275 4192 x
1312 4134 1368 4192 x
1425 4131 1464 4213 3
1643 4145 1652 4150 ·
1948 4113 1953 4122 ’
2316 4111 2484 4211 'tioff'
