3557 5113
735 175 990 336 694·
1199 141 1257 295 ,f
1396 174 1546 288 M.
1615 161 1984 284 Fami
2056 180 3046 308 Qumcrxtmm

688 400 862 562 ῥυ,
906 479 1064 556 HL
1090 445 1172 523 δε
1209 440 1499 520 excitat
1540 432 2005 536 auditorem.
2116 428 2353 540 quue
2397 437 2478 513 in
2524 429 2859 514 Callidio
2920 434 3196 513 Cicero
3234 428 3342 510 de-

823 561 828 568 ’
861 533 886 580 ”
1085 549 1386 633 fiderat.
1477 563 1637 629 Non
1648 548 1874 653 frons
1911 600 1934 636 ,
1992 547 2244 652 inquit
2269 599 2294 636 ,
2330 542 2646 657 percufflt
2663 602 2686 628 ,
2742 576 2883 626 non
2901 546 3158 651 femur
3194 574 3213 621 z
3249 567 3346 653 pe·

1086 666 1262 747 dum
1319 661 1572 771 (quod
1626 666 2010 738 minimum
2054 656 2181 758 est)
2236 661 2430 737 nuda
2446 658 2803 768 fiaepphsio.
2908 660 3343 760 Quanquam

1069 774 1467 872 (silicet)
1522 769 1621 851 de
1661 771 1920 850 fronte
1983 765 2363 856 dissentio.
2475 776 2684 848 Nam
2738 774 2815 851 &
2869 764 3344 874 complodere

1089 912 1363 974 manus
1401 882 1788 963 scenicum
1813 880 1921 959 est
1947 934 1970 970 ,
2023 885 2102 960 ὅ(
2136 880 2397 984 pestus
2424 878 2732 980 caedere.
2824 878 3027 959 Illud
3067 905 3343 986 quoque

1088 1024 1271 1081 raro
1316 993 1619 1077 decebit
1648 1048 1673 1084 ,
1731 1019 1918 1074 cava
1953 1018 2189 1070 manu
2241 989 2585 1071 summis.
2613 990 2875 1098 digitis
2938 992 3200 1097 pectus
3235 1018 3339 1096 ap-

1088 1131 1357 1216 petere
1378 1162 1402 1199 ,
1468 1105 1524 1185 fi
1555 1102 1889 1214 quando·
1924 1101 2429 1208 nofinetipsos
2485 1103 2973 1210 alloquemur
3008 1158 3030 1187 ‚
3099 1102 3341 1183 cohor·

1097 1242 1346 1318 rantes
1371 1274 1396 1311 ,
1448 1217 1944 1323 objurgantes
1967 1270 1992 1306 ,
2015 1213 2496 1296 miserantes:
2565 1213 2781 1323 quod
2820 1213 3189 1323 liquando
3205 1214 3336 1322 fiet,

1063 1354 1370 1438 „togam
1411 1356 1729 1437 quoque
1787 1324 1970 1406 inde
2020 1330 2411 1428 removeri
2477 1354 2639 1406 non
2707 1325 3027 1406 decebit.
3122 1332 3195 1404 in
3230 1352 3340 1431 pe-

1093 1442 1340 1542 dibus.
1372 1440 1822 1523 observatur
1876 1437 2103 1516 status
2151 1445 2229 1518 &
2284 1437 2617 1519 incestus.
2731 1439 3039 1518 Prolato
3099 1437 3339 1518 dextro

1098 1555 1340 1643 stare,
1376 1559 1456 1635 ὅ(
1504 1549 1832 1632 eandem
1867 1574 2188 1628 manum
2233 1579 2321 1630 ac
2362 1548 2642 1656 pedem
2691 1551 3077 1657 proferre,
3118 1549 3339 1630 defor-

1093 1673 1228 1746 me
1264 1663 1392 1744 est.
1493 1669 1580 1742 In
1622 1662 1988 1742 dextrum
2042 1663 2493 1742 recumbere
2541 1665 2855 1743 interim
2896 1662 3119 1743 datur
3155 1718 3180 1754 ,
3229 1657 3337 1740 sed

1091 1803 1325 1883 aequo
1356 1775 1670 1880 pectore
1713 1802 1731 1850 ε
1795 1773 1930 1880 qui
1979 1790 2243 1851 tamen
2279 1776 2625 1875 comicus
2655 1759 2895 1881 magis
2926 1802 3151 1882 quam
3182 1800 3342 1853 ora-

1091 1890 1337 1972 torius
1364 1883 1615 1998 gestus
1645 1882 1774 1962 est.
1826 1941 1832 1958 .·
1868 1883 2074 1961 Male
2118 1885 2351 1964 etiam
2386 1887 2480 1976 *in
2520 1884 2899 1992 sinistrum
2935 1886 3197 1991 pedem
3215 1881 3323 1963 in-

1087 1996 1518 2086 fistentium
1579 1994 1859 2080 dexter
1910 2015 2040 2096 aut
2081 1996 2467 2077 attollitur
2498 2055 2521 2083 ,
2573 2022 2706 2079 aut
2760 1996 3056 2079 summis
3094 1994 3322 2101 digitis

1091 2106 1592 2213 suspenditur.
1666 2109 2030 2186 Varicare
2075 2106 2293 2213 supra
2328 2108 2705 2204 modum,
2747 2107 3199 2192 &instando
3218 2106 3336 2186 de·

1084 2220 1355 2308 forme
1388 2218 1539 2310 est,
1564 2224 1644 2300 ὅ(
1674 2217 2090 2318 accedente
2130 2241 2350 2300 motu
2374 2249 2622 2328 prope
2662 2221 3122 2304 obscoenum.
3181 2225 3331 2299 Pro-

1095 2330 1342 2420 curslo
1374 2350 1851 2437 opportuna,
1891 2330 2183 2416 brevis,
2236 2332 2639 2434 moderata
2672 2390 2695 2426 ,
2747 2362 2915 2416 rara
2948 2334 3335 2436 ‚ficonveni-

1087 2471 1232 2531 ,ens
1270 2480 1294 2522 .·
1355 2445 1590 2528 etiam
1635 2440 2061 2524 ambulatio
2092 2442 2447 2551 quaedam
2472 2501 2495 2537 ,
2544 2471 2876 2554 propter
2920 2444 3344 2529 immodicas

1085 2552 1631 2637 -laudatiomun
1680 2580 1940 2637 moras
1983 2590 2008 2634 .·
2047 2583 2489 2664 quanquam
2524 2563 2800 2641 Cicero
2834 2589 3100 2643 rarum
3140 2555 3349 2641 incess

1079 2665 1264 2750 ,sum
1288 2723 1314 2759 ,
1358 2693 1611 2771 neque
1642 2669 1750 2744 ita
1786 2666 2117 2772 longum
2170 2669 2472 2775 probat.
2537 2672 2975 2755 Discursare
3012 2701 3225 2765 vero,
3259 2677 3349 2759 ὅτ,

1092 2775 1311 2882 quod
1334 2778 1731 2857 Domitius
1746 2775 1960 2855 ''A-fer
1994 2775 2092 2857 de
2148 2784 2328 2860 Sura
2366 2784 2720 2864 ‘Manilio
2755 2784 2953 2865 dixit
2976 2844 3000 2871 ‚
3017 2788 3346 2897 [iugera

1093 2886 1657 2994 ineptiffimum
1693 2921 1720 2965 .·
1784 2886 2231 2998 urbaneque
2279 2891 2571 2977 Flavius
2601 2899 3001 3003 Virginius
3046 2903 3352 2980 interro-

1083 3059 1089 3083 -.
1097 3002 1308 3105 gavit
1345 2999 1443 3078 de
1481 2996 1830 3108 quodam
1865 2998 2003 3081 suo
2046 3002 2535 3111 antisophiste
2551 3063 2576 3099 ‚
2626 3035 2797 3122 quot
2812 3011 3353 3125 miaiaepaeffm

1086 3111 1484 3218 declamaff
1486 3136 1537 3192 t.
1601 3113 1915 3218 Praecipi
1938 3117 2017 3193 &
2038 3113 2237 3196 illud
2262 3116 2422 3197 scio
2442 3173 2467 3210 ,
2526 3147 2625 3200 ne
2646 3121 3132 3206 ambulantes
3166 3150 3353 3206 aver·

1089 3242 1350 3304 tamur
1385 3251 1427 3303 a
1463 3222 1835 3321 judicibus
1871 3279 1897 3316 ‚
1975 3224 2106 3307 sed
2149 3225 2299 3309 sint
2338 3221 2633 3340 obliqui
2674 3232 2908 3339 pedes
2964 3234 3066 3315 ad
3114 3236 3355 3318 conci-

1079 3332 1276 3421 lium
1301 3332 1524 3432 nobis
1556 3335 2140 3442 respicientibus.
2208 3338 2292 3419 ld
2314 3338 2483 3422 fieri
2522 3344 2821 3445 judiciis
2854 3351 3354 3456 privatisnon

1081 3446 1361 3549 potest.
1474 3451 1773 3529 Verum
1818 3452 1899 3528 ὅ(
1950 3449 2303 3551 breviora
2334 3451 2503 3535 sunt
2533 3456 2769 3562 spatia
2792 3514 2815 3551 ,
2926 3486 3072 3540 nec
3135 3457 3363 3546 averfi

1082 3552 1219 3636 diu
1273 3556 1546 3640 sumus.
1679 3561 1994 3641 Interim
2052 3584 2316 3645 tamen
2376 3567 2735 3652 recedere
2789 3570 3068 3653 senfim
3116 3573 3360 3657 datur.

1079 3665 1417 3768 Qidam
1462 3674 1544 3752 δε
1595 3670 1941 3753 refiliunt
1969 3728 1995 3764 ,
2047 3673 2265 3782 quod
2298 3676 2411 3757 est
2441 3680 2674 3786 plane
2716 3683 3175 3765 ridiculum.
3250 3691 3363 3766 Pe-

1049 3774 1192 3859 dis
1231 3776 1615 3887 supplosio
1636 3805 1737 3876 -ut
1784 3781 1973 3864 loco
2021 3786 2134 3865 est
2171 3788 2612 3897 opportuna
2653 3848 2683 3887 ,
2755 3818 2842 3877 ut
2882 3800 2991 3876 ait
3025 3799 3364 3891 cicero,

1064 3914 1161 3989 m
1197 3892 1817 3983 contentionibus
1863 3915 1999 3980 aut
2053 3900 2508 4018 incipiendi?
2524 3960 2554 4004 ,
2608 3926 2733 3993 aut
2762 3905 3142 3994 finiendis
3187 3943 3211 3988 ε
3264 3914 3361 3988 ita

3050 4022 3362 4109 ⁴erebra
