3557 5113
696 170 888 289 “40
1249 132 3029 279 M.‘†FA1³11Qu1··Nc1-1·21Am

577 441 646 518 ς
667 461 712 510 Δ
741 461 779 512 ¹,
872 441 952 522 V
998 404 1177 512 quia
1222 398 1513 482 duabus
1575 396 1829 504 longis
1885 391 2370 504 sequentibus
2394 450 2416 485 ,
2476 395 2815 500 primam
2871 396 3192 477 brevem
3240 421 3324 477 a·

554 540 575 561 ⁴*
784 497 803 520 ⁹
953 501 969 522 ⁹
1000 520 1125 597 cui
1178 512 1438 594 noster
1487 509 1743 591 sermo
1778 534 1941 589 non
1985 511 2295 616 patitur.
2408 510 2527 588 Sic
2589 511 2975 614 genitivus
3045 507 3319 590 Achiui

999 636 1080 713 &
1144 630 1339 742 lllyffi
1394 626 1575 706 fecit
1601 681 1623 714 ,
1672 622 1774 704 sic
1805 621 1950 701 alia
1986 620 2345 727 plurima.
2427 626 2657 700 Nunc
2698 627 3168 702 recentiores
3200 624 3324 702 in-

984 734 1405 821 stituerunt
1490 739 1776 818 Graecis
1859 734 2305 815 nominibus
2364 737 2670 813 Graecas
2754 733 3322 816 declinationes

992 857 1253 962 potius
1306 852 1548 933 dare:
1616 845 1834 958 quod
1902 870 2166 926 tamen
2210 843 2475 953 [ipsum
2545 874 2707 926 non
2779 846 3082 955 semper
3135 846 3320 927 fieri

992 965 1265 1074 potest.
1383 965 1583 1043 Mihi
1634 986 1897 1042 autem
1946 958 2199 1066 placet
2236 960 2599 1038 Latinam
2644 962 3032 1040 rationem
3068 960 3317 1069 sequi,

992 1077 1390 1188 quousque
1449 1079 1741 1182 patitur
1798 1070 2055 1151 decor.
2174 1076 2451 1178 Neque
2520 1074 2736 1151 enim
2785 1074 2944 1173 jam
3003 1074 3314 1191 Calypfi-

991 1221 1155 1271 nem
1217 1188 1550 1269 dixerim
1574 1244 1595 1279 ‚
1657 1208 1744 1266 ut
1785 1180 2148 1289 Junonem
2170 1219 2193 1260 .·
2262 1208 2710 1291 quanquam
2763 1183 3062 1267 secutus
3110 1188 3322 1265 anti-

974 1309 1190 1412 ''quos
1245 1307 1332 1382 C.
1378 1300 1623 1381 Caesar
1677 1299 1924 1378 utitur
1985 1296 2128 1375 hac
2185 1298 2484 1375 ratione
2558 1293 3013 1378 declinandi.
3153 1296 3312 1378 Sed

997 1416 1537 1495 auitoritatem
1592 1407 2072 1491 consuetudo
2124 1406 2527 1515 superavit.
2638 1412 2726 1488 In
2770 1414 3062 1491 caeteris
3125 1416 3304 1523 quae

993 1547 1368 1633 poterunt
1421 1548 1754 1631 utroque
1799 1518 2046 1601 modo
2088 1547 2249 1599 non
2303 1517 2757 1600 indecenter
2800 1520 3100 1610 efferri,
3162 1528 3312 1629 qui

992 1642 1349 1720 Graecam
1397 1635 1725 1742 figuram
1785 1633 1995 1740 sequi
2042 1631 2327 1723 malet,
2383 1657 2553 1714 non
2617 1634 2895 1713 Latine
2934 1632 3326 1743 quidem}

975 1748 1124 1830 'sed
1163 1753 1352 1830 citra
1395 1745 2072 1853 reprehensionem
2107 1743 2495 1852 loquetur.
2608 1746 3011 1853 Simplices
3040 1774 3306 1839 voces,

988 1864 1242 1967 prima
1284 1858 1667 1966 positione
1710 1914 1732 1949 ‚
1815 1856 1902 1938 id
1962 1856 2073 1937 est
2132 1877 2403 1937 natura
2461 1855 2593 1937 sua
2643 1857 3020 1938 constant.
3081 1886 3316 1942 com-

984 1970 1253 2078 pofitae
1291 1994 1420 2051 aut
1456 1968 2118 2077 praepositionibus
2156 1968 2762 2076 subjunguntur,
2824 1994 2912 2051 ut
2947 1979 3307 2054 innocens:

966 2083 1385 2168 ‘interdum
1430 2083 2035 2191 repugnantibus
2093 2084 2294 2161 inter
2341 2082 2414 2161 se
2480 2081 2769 2164 duabus
2818 2138 2842 2175 ,
2902 2084 3128 2192 quale
3189 2085 3312 2165 est

970 2203 1547 2308 'imperterritusz
1633 2195 1925 2304 alioqui
2000 2192 2312 2301 possunt
2376 2193 2792 2303 aliquando
2860 2200 3304 2279 continuari

983 2305 1157 2390 duae
1179 2364 1201 2399 ‚
1280 2328 1368 2389 ut
1408 2308 1882 2418 incompqsitus
1905 2366 1928 2393 ,
1984 2307 2379 2388 reconditus
2395 2363 2421 2397 ‚
2462 2313 2542 2389 &
2611 2334 2774 2415 quo
2828 2312 3112 2389 Cicero
3156 2313 3313 2390 uti-

983 2430 1158 2513 tur,
1217 2420 1741 2530 ffibabsttrdum
1784 2456 1810 2498 .·
1894 2442 2022 2499 aut
2078 2447 2121 2498 e
2206 2418 2504 2500 duobus
2568 2418 2778 2527 quast
2840 2423 3308 2529 corporibus

972 2527 1460 2639 {coalescunm
1524 2555 1610 2613 ut
1662 2533 2034 2641 maleficus.
2146 2535 2356 2612 Nam
2385 2560 2482 2612 ex
2534 2534 2776 2614 tribus
2826 2534 3104 2617 nostrae
3151 2540 3311 2615 uti-

1094 2673 1139 2725 e
1191 2645 1470 2752 linguae
1511 2673 1674 2725 non
1738 2641 2289 2726 concesserim:
2356 2650 2711 2752 quamvis
2759 2648 2968 2758 capsis
3015 2652 3312 2730 Cicero

976 2671 1187 2836 ditat
1240 2755 1765 2865 compositum
1809 2756 1953 2835 effe
2014 2785 2110 2836 ex
2169 2784 2330 2868 cape
2330 2758 2415 2866 si
2440 2764 2591 2837 vis:
2683 2765 2762 2841 ὅ(
2802 2763 3308 2842 inveniantur

974 2857 994 2903 ‘³
1043 2871 1121 2947 ui
1153 2874 1574 2979 Lupercalia
1626 2896 1842 2978 aeque
1888 2891 2041 2949 tres
2074 2892 2331 2974 partes
2369 2873 2739 2953 orationis
2779 2870 2925 2951 esse
2970 2897 3306 2953 conten-

971 2988 991 3093 ζ
1039 3001 1210 3090 ant,
1266 2982 1472 3088 quali
1527 2985 1721 3062 luere
1750 3008 1891 3093 per
1945 3009 2253 3093 caprum.
2365 2986 2574 3061 Nam
2626 2988 3080 3067 solitaurilia
3129 2990 3304 3088 jam

978 3089 1421 3204 persuasum
1470 3093 1580 3174 est
1623 3093 1769 3174 effe
1827 3123 1923 3174 ex
1954 3096 2133 3204 βας,
2174 3125 2336 3180 ονε,
2396 3099 2475 3175 &
2515 3120 2739 3178 tauro.
2836 3102 2916 3179 &
2975 3097 3299 3179 sancita

979 3202 1057 3282 se
1111 3206 1339 3287 habet
1369 3205 1711 3298 sacrum,
1766 3209 1992 3316 quale
2054 3207 2261 3316 apud
2301 3212 2746 3289 Homerum
2800 3229 3112 3318 quoque
3148 3210 3286 3289 est.

976 3307 1130 3400 'Sed
1167 3318 1331 3400 haec
1368 3347 1527 3398 non
1568 3342 1730 3398 tam
1784 3350 1880 3398 ex
1934 3320 2215 3411 tribuS‚
2267 3347 2506 3429 quam
2557 3348 2652 3400 ex
2711 3323 3101 3430 particulis
3150 3327 3297 3400 tri-z

972 3435 1115 3510 ‘um
1163 3451 1468 3509 coeunt.
1563 3436 1956 3512 Caeterum
1998 3433 2236 3510 etiam
2285 3462 2384 3513 ex
2453 3435 2994 3538 praepofitione
3031 3440 3112 3515 &
3146 3433 3301 3516 du-

968 3535 1169 3621 obus
1220 3539 1611 3622 vocabulis
1651 3539 1844 3625 dure
1882 3538 2194 3626 videtur
2224 3541 2564 3627 struxisste
2620 3547 3024 3633 Pacuvius:

1577 3705 1937 3721 ------
1990 3664 2207 3738 Nerei

1134 3757 1743 3875 Repandirqstrum
1781 3761 2427 3851 incurvicervicum
2448 3796 2679 3882 pecus.

965 3865 1417 3990 junguntur
1444 3897 1711 3962 autem
1741 3900 1876 3964 aut
1929 3908 2030 3967 ex
2082 3879 2384 3966 duobus
2413 3883 2713 3966 Latinis
2752 3884 3077 3991 integris
3108 3935 3134 3977 ,
3196 3907 3300 3969 ut

3022 3997 3285 4105 fiper*
