3557 5113
299 159 1009 431 Delnstit.
1044 223 2061 401 OratoriaLib.
2084 227 2394 383 XII.
2591 259 2831 394 7555

210 517 422 628 quod
470 517 526 598 fi
561 520 987 627 impediant
1047 523 1418 608 brevitate
1461 543 1818 632 tempora
1871 553 1914 606 a
1972 523 2225 627 judice
2268 526 2490 621 'data'²
2550 553 2743 629 Cn.
2794 539 2904 625 X,

204 630 547 711 multum
598 659 695 711 ex
734 631 837 713 eo‘
887 635 1102 742 quod
1142 639 1398 740 potuit
1449 634 1604 716 dici
1651 693 1674 721 ,
1752 637 2188 718 recidetur:
2241 639 2486 721 editio

204 742 514 823 habebit
554 750 835 824 omnia.
892 753 1084 848 Qae
1112 756 1390 828 'autem
1425 747 1845 829 secundum
1883 772 2238 829 naturam
2285 751 2478 852 judi-

198 859 544 935 cantium
581 855 779 937 dista
817 856 988 938 sunt
1050 915 1073 950 ‚
1141 885 1302 938 non
1335 863 1441 940 ita
1492 861 1814 965 posteris
1859 859 2306 953 tradentur,
2382 892 2484 943 ne

203 964 610 1048 videantur
647 968 1022 1075 propofiti
1073 971 1282 1050 fuisse
1320 1027 1345 1063 ,
1408 997 1572 1051 non
1627 978 2023 1077 temporis.
2115 979 2351 1053 ⁴Nam
2405 974 2486 1055 id

198 1103 514 1186 quoque
555 1077 984 1184 plurimum
1027 1081 1265 1162 refert
1310 1138 1333 1175 ,
1404 1109 1563 1190 quo
1622 1083 1868 1163 modo
1925 1084 2157 1185 judex
2217 1084 2482 1166 audire

193 1189 428 1272 velit:
457 1211 688 1298 atque
728 1195 887 1293 ejus
907 1192 1181 1278 'vultus
1215 1192 1409 1303 saepe
1434 1193 1590 1301 ipse
1609 1195 1868 1275 testor
1885 1194 1994 1273 est
2017 1194 2376 1280 dicentis,
2408 1217 2497 1277 ut

191 1306 477 1382 Cicero
540 1306 907 1410 praecipit.
1022 1303 1379 1414 Ideoque·
1417 1304 1851 1400 instandum
1905 1308 2004 1385 iis·
2036 1333 2203 1415 quae
2243 1307 2494 1412 placea-

193 1441 281 1494 re
336 1414 848 1502 intellexeris,
911 1415 1403 1499 resiliendum
1444 1418 1538 1497 ab
1587 1420 1677 1496 iis
1717 1441 1889 1525 (με
1921 1444 2083 1497 non
2122 1420 2498 1524 recipien-

194 1546 339 1606 tur.
436 1532 710 1607 Sermo
760 1526 919 1633 ipse
961 1531 1094 1637 qui
1139 1528 1363 1610 facile
1420 1527 1763 1628 judic‘em
1817 1527 2099 1610 doceat
2131 1586 2154 1615 ‚
2230 1551 2507 1635 aptan-

196 1635 370 1718 dus·
483 1642 653 1718 Nec
693 1635 775 1718 id
815 1642 1109 1720 mirum
1149 1639 1241 1720 fit
1276 1696 1300 1733 ,
1358 1668 1542 1721 cum
1593 1643 1835 1720 etiam
1883 1641 2189 1721 testium
2233 1639 2494 1744 perso-

187 1753 307 1829 nis
326 1749 600 1857 aliqua
636 1755 1050 1831 mutentur.
1141 1753 1563 1834 Prudenter
1600 1749 1873 1843 enim'‚
1949 1755 2085 1860 qui
2133 1771 2315 1832 cum
2373 1753 2491 1852 inf

188 1861 644 1967 terrogasset
688 1859 1053 1944 rusticum
1101 1865 1374 1945 testem
1408 1890 1506 1943 an
1547 1864 2001 1970 Amphiona
2035 1863 2306 1970 nosset,
2343 1888 2483 1943 ne·

179 1995 424 2079 gante
456 2000 555 2051 eo
595 2028 620 2063 ‚
685 1972 1018 2053 detraxit
1040 1975 1584 2080 aspirationem
1605 1976 2179 2081 ‚breviavitque
2214 1973 2475 2054 secun·

177 2083 376 2164 dam
414 2086 577 2187 ejus
612 2087 950 2163 nominis
986 2083 1349 2191 syllabam
1389 2139 1413 2175 ,
1490 2091 1571 2164 ὃ(
1620 2086 1751 2165 ille
1814 2114 1992 2164 eum
2033 2085 2133 2166 fic
2174 2090 2476 2191 optime

175 2216 442 2274 norat.
553 2192 1020 2298 Hujusmodi
1085 2196 1293 2277 casus
1324 2191 1693 2276 efficiunt
1740 2216 1829 2277 ut
1882 2195 2302 2307 aliquando
2356 2194 2475 2304 di-

177 2328 412 2387 catur
457 2305 675 2388 aliter
730 2333 969 2415 quam
1012 2301 1358 2419 scribitur
1407 2364 1451 2392 ‚>
1502 2312 1683 2388 cum
1743 2305 2000 2388 dicere
2068 2306 2478 2416 quomodo

173 2418 670 2500 scribendum
707 2419 862 2511 est,
910 2447 1073 2504 non
1107 2418 1308 2501 licet.
1343 2447 1371 2462 ’·
1419 2420 1685 2500 Altera
1724 2419 1834 2498 est
1866 2415 2175 2509 «insisto,
2199 2445 2369 2527 quae
2392 2421 2478 2498 in

176 2551 338 2613 tres
385 2527 753 2640 partes&
795 2531 954 2639 ipsa
998 2529 1364 2622 discedit,
1404 2525 1605 2640 ‘quia
1643 2528 1966 2611 discerni
2002 2528 2210 2635 poss'e
2242 2531 2477 2610 etiam

171 2646 388 2726 recte
437 2642 754 2726 dicendi
807 2669 1093 2750 genera
1131 2640 1334 2724 inter
1371 2640 1455 2725 'se
1493 2641 1875 2725 videntur.
2017 2647 2347 2750 Nanque
2387 2668 2477 2721 u-

171 2752 689 2838 num>fi1btilc
730 2794 753 2846 ,-
842 2753 1053 2864 quod
1093 2755 1314 2851 ἰσ-χνὶν
1348 2752 1655 2845 ⁸vocant.
1770 2750 2134 2833 Alterum
2178 2750 2472 2859 grande

168 2866 857 2977 at'que‘robustum
880 2882 916 2958 *-‚'
970 2865 1182 2973 quod
1222 2865 1695 2977 constituunt
1734 2857 1945 2968 ἁδρόν.
2011 2868 2374 2945 Tertium
2397 2891 2476 2941 a·-

168 2978 258 3060 li‘i
296 2977 666 3062 medium
713 3006 811 3059 ex
881 2973 1179 3058 duobus
1215 3008 1234 3057 ε
1314 2977 1437 3057 alii
1490 2976 1905 3069 floridum,
1952 2980 2348 3083 (namque
2394 2970 2477 3053 id

170 3089 431 3197 ἆνθηρὶν
460 3089 907 3199 appellant)
954 3085 1419 3170 addiderunt
1443 3144 1466 3173 ,
1505 3114 1843 3196 quorum
1886 3106 2149 3165 tamen
2192 3112 2281 3165 ea
2311 3084 2476 3164 fere

170 3208 381 3285 ratio
431 3203 550 3284 est
577 3257 601 3288 ‚
665 3199 1557 3315 ut‘primum'docendi,
1586 3196 2017 3280 secundum
2069 3193 2474 3285 movendi,

173 3310 506 3399 tertium
538 3302 741 3394 illud·
760 3320 1253 3421 utrocunque
1311 3312 1637 3391 nomine
1685 3310 1709 3401 ‚'
1766 3308 2195 3401 delectandi
2231 3361 2254 3398 ‚
2321 3306 2479 3387 five

169 3428 383 3510 aliud
433 3422 1107 3508 inter-conciliandi
1161 3424 1511 3532 praestare
1550 3420 1866 3506 'videtur
1916 3420 2291 3501 officium.
2386 3422 2474 3498 ln

167 3539 548 3621 docendo
592 3559 856 3619 autem
891 3563 1220 3617 acumen
1241 3592 1266 3628 ‚
1312 3539 1395 3615 in
1431 3530 2126 3616 interconciliando
2176 3531 2471 3621 lenitas,

172 3652 261 3731 in
300 3649 710 3733 movendo
742 3653 1066 3755 gravitas
1087 3647 1460 3732 videatur.
1522 3654 1782 3756 Itaque
1823 3643 2248 3725 illosubtili
2282 3669 2474 3748 prae-

175 3765 415 3869 cipue
460 3766 662 3844 ratio
694 3759 1055 3842 narrandi
1087 3752 1631 3874 probandique
1664 3755 2049 3839 co'nfistit:
2084 3753 2215 3837 sed
2252 3748 2474 3862 quod

166 3872 269 3955 fit
309 3879 561 3956 etiam
605 3872 958 3966 detractis
998 3878 1288 3955 caeteris
1317 3870 1766 3963 virtutibus„
1829 3870 1967 3952 suo
1997 3892 2282 3976 genere
2305 3864 2468 3969 ple·

164 4013 397 4127 num.
471 3987 785 4105 Medius
814 3985 941 4068 hic
976 3985 1261 4073 modus
1282 4041 1309 4080 ,
1339 3983 2058 4073 &translationibus
2097 3977 2478 4191 crgcbfiigg:
