3557 5113
300 242 544 405 De
590 182 1039 443 Imm.
1096 240 1838 418 oratoria,
1867 241 2165 403 Lib.
2195 249 2295 404 1.
2563 288 2751 399 -45

130 579 197 653 ὅ(
243 569 589 680 tudi‘nff
606 629 632 658 ‚
696 576 775 653 &
810 567 1094 683 stimffi‘
1113 631 1136 667 ,
1186 580 1269 657 &
1322 572 1719 662 tribunale,
1769 584 1850 659 &
1880 580 2252 688 ficiliter‚
2312 582 2428 665 di·
2455 605 2520 683 C
2529 606 2567 676 Α·
2581 631 2642 681 p,
2693 600 2821 682 VI,

130 714 298 766 cere.
365 687 703 797 frugalis
745 713 1060 796 quoque
1100 687 1221 768 fit—
1253 680 1467 795 apud'
1512 689 1729 776 illos,
1763 720 1929 772 non
1943 695 2200 804 frugi:
2238 723 2444 778 nam.

129 825 268 907 quo
326 799 490 879 alio
551 795 800 879 modo
848 797 983 880 fiat
1005 802 1418 913 frugalitas
1442 809 1482 881 ?
1575 801 1821 882 Iidem
1873 830 2155 887 centum
2197 802 2430 892 n'zilliae

132 942 481 993 nmmum
502 970 529 1004 ‚
576 919 653 993 &
668 911 903 1019 fidem
940 929 1174 997 Deum
1194 972 1217 999 ‚
1256 910 1665 997 ostendant
1693 914 2039 1024 duplices
2093 918 2423 1002 soloecis-

122 1054 276 1105 mos
343 1024 496 1105 esse
541 1080 567 1115 ‚
645 1024 960 1135 quando
1000 1032 1079 1109 &
1115 1026 1376 1108 casum
1432 1049 1781 1120 mutant,
1841 1036 1921 1112 ὅ(
1974 1059 2418 1115 numerum.

124 1140 647 1219 Nesciebamus
725 1142 984 1229 enim,
1059 1168 1149 1220 ac
1202 1167 1368 1220 non
1428 1138 1958 1231 consuetudini
2023 1150 2102 1227 ὅ(
2151 1142 2420 1226 decori

122 1250 653 1334 serviebamus:
749 1251 942 1332 ficut
978 1256 1063 1333 in
1111 1253 1470 1362 plurimis
1526 1278 1698 1361 quae
1740 1255 2041 1337 Tullius
2077 1260 2159 1336 in
2223 1264 2418 1341 Ora-

126 1385 275 1444 tore
346 1363 612 1445 divine
634 1422 659 1456 ,
723 1386 815 1444 ut
880 1370 1145 1446 omnia
1167 1422 1192 1456 ‚
1284 1367 1713 1473 exequitur.
1824 1367 1973 1447 Sed
2028 1371 2417 1477 Augustus

120 1504 425 1585 quoque
458 1482 538 1556 in
573 1475 914 1587 epistolis
958 1479 1056 1559 ad
1117 1484 1207 1560 C.
1261 1477 1641 1560 Caesarem
1697 1476 1997 1587 scriptis
2053 1481 2419 1562 emenda-

123 1594 273 1670 tius
307 1591 610 1672 calidum
663 1588 923 1671 dicere
975 1618 1216 1701 quam
1276 1591 1564 1672 caldum
1605 1593 1948 1671 mavult:
2041 1620 2205 1673 non
2239 1598 2419 1702 quia

116 1699 193 1781 id
259 1731 414 1782 non
482 1701 577 1784 fit
649 1706 1028 1783 Latinum
1052 1760 1076 1795 ,
1138 1700 1269 1783 sed
1323 1708 1502 1812 quia
1541 1700 1630 1781 sit
1682 1702 2042 1784 odiosum
2083 1760 2105 1795 ‚
2190 1712 2267 1786 ὃ(
2328 1729 2416 1787 ut

120 1813 259 1919 ipse
295 1820 573 1898 Graeco
611 1815 856 1898 verbo
910 1815 1366 1923 significavit
1386 1871 1414 1906 ,
1467 1820 1840 1925 περίεργον.
1929 1820 2175 1925 Atqui
2218 1820 2418 1921 hanc

123 1926 412 2034 quidam
462 1928 831 2035 ὀρθοὲπεωιν
888 1926 1133 2009 solam
1193 1949 1517 2035 putant,
1559 1955 1801 2038 quam
1878 1954 2030 2034 ego
2089 1935 2421 2012 minime

122 2037 445 2121 excludo.
567 2039 786 2143 Qid
846 2046 1062 2121 enim
1129 2063 1295 2123 tam
1380 2041 1879 2121 necessarium
1907 2097 1931 2125 ‚
1996 2070 2234 2152 quam
2299 2071 2422 2127 re·

117 2151 219 2231 &a
270 2153 634 2243 locutio?
726 2158 896 2233 Imo
970 2150 1510 2236 inhaerendum
1572 2156 1646 2232 ei
1692 2153 1954 2255 judico
2012 2155 2276 2265 quoad
2324 2156 2418 2235 li-

111 2287 222 2344 cet
265 2297 285 2345 ε
391 2265 528 2346 diu
567 2270 809 2346 etiam
868 2266 1346 2348 mutantibus
1388 2264 1987 2373 repugnandum
2019 2272 2072 2348 :‘
2144 2264 2273 2347 sed
2294 2269 2424 2349 ab-

108 2377 299 2456 olita
370 2400 598 2486 atque
651 2378 1019 2486 abrogata
1081 2381 1418 2483 retinere
1455 2432 1478 2469 ‚
1541 2377 1966 2458 insolentiae
2024 2378 2422 2482 cujusdam

108 2487 221 2569 est
250 2543 278 2581 ‚
332 2493 412 2571 ὅ(
469 2491 754 2573 frivolae
814 2496 896 2572 in
946 2495 1204 2602 parvis
1259 2492 1658 2595 jactantiae.
1790 2490 2142 2573 Multum
2199 2494 2416 2572 euim

112 2601 439 2684 literatus
462 2662 484 2695 ‚
563 2609 700 2713 qui
753 2603 910 2684 fine
990 2606 1447 2713 aspiratione
1507 2608 1589 2685 &
1653 2601 2036 2709 produCta
2094 2602 2421 2685 secunda

117 2713 366 2816 syllaba
387 2716 736 2799 salutarit
762 2727 1006 2813 (avere
1022 2720 1132 2798 est
1156 2721 1405 2813 enim)
1433 2722 1511 2796 &
1542 2718 1924 2823 calefacere
1952 2717 2236 2800 dixerit
2275 2746 2414 2826 po-

120 2831 256 2906 tius
292 2856 513 2938 quam
566 2827 790 2939 quod
836 2829 1202 2922 dicimm,
1241 2834 1321 2910 &
1367 2826 1909 2936 cotgse‘rvavg‘ffi:
1949 2831 2066 2909 his
2104 2828 2415 2932 adjiciat

97 2940 283 3044 face,
326 2948 398 3023 δε
430 2943 637 3026 dice,
697 2949 777 3025 &
817 2942 1112 3023 fimilia.
1204 2944 1448 3022 Recta
1499 2942 1609 3020 est
1652 2945 1773 3024 via
1813 2974 1832 3021 z
1903 2946 2076 3050 quis
2130 2941 2416 3048 negat?

110 3048 222 3131 sed
260 3054 547 3150 adiacet
613 3060 694 3136 ὅ(
752 3054 1076 3136 mollior
1103 3110 1128 3146 ‚
1175 3060 1268 3155 g&
1318 3056 1565 3159 magis
1627 3059 1830 3135 trita.
1925 3057 2094 3162 Ego'
2148 3075 2416 3134 tamen

102 3189 255 3244 non
304 3166 450 3248 alio
501 3170 758 3275 magis
813 3196 1062 3275 angor
1098 3224 1122 3260 ‚
1156 3179 1429 3276 'quam
1477 3164 1697 3272 quod
1743 3165 2086 3274 obliquis
2126 3166 2416 3251 casibus

111 3273 287 3358 duffi
318 3285 573 3361 etiam
619 3283 901 3386 primas
950 3280 1089 3362 fibi
1127 3279 1549 3385 politiones
1607 3295 1771 3356 non
1810 3281 2168 3366 minuere
2185 3284 2232 3377 ff,
2284 3275 2424 3358 sed

114 3413 377 3473 mutare
442 3393 958 3500 permittunt:
1056 3415 1141 3474 ut
1199 3419 1384 3473 cum
1442 3388 1614 3477 ebur
1667 3394 1747 3471 ὅ(
1804 3389 2066 3475 robur,
2134 3391 2242 3470 ita
2277 3388 2414 3471 -di-

111 3497 221 3575 sta
255 3515 355 3584 ‘ac
417 3505 705 3610 ser-ipra
755 3506 1075 3587 summis
1144 3504 1623 3592 meroribus,
1693 3506 1777 3584 in
1836 3532 1879 3583 o
1922 3503 2236 3582 literam
2299 3502 2408 3582 se-

110 3614 347 3694 cundae
393 3617 707 3724 syllaba:
753 3620 1262 3703 transferunt,
1327 3621 1507 3726 quia
1556 3612 1649 3696 sit
1688 3615 1948 3698 roboris
1992 3620 2073 3696 ὅ(
2125 3614 2344 3697 eboris
2383 3649 2407 3693 .-

84 3722 323 3830 [ἑῷα
351 3754 598 3810 autem
640 3735 723 3810 ὅ(
747 3755 1045 3841 guttur,
1101 3761 1153 3811 u
1210 3729 1520 3811 literam
1556 3730 1659 3808 in·
1687 3730 2040 3836 genitivo
2076 3727 2406 3811 servent:

98 3831 422 3947 ideoque
460 3849 696 3924 etiam
725 3854 934 3952 jecur
983 3846 1061 3926 ὅ(
1078 3846 1333 3954 firmo·
1373 3840 1983 3926 controverfiam
2027 3841 2403 3923 fecerunt.

90 3948 293 4053 quod
318 3980 481 4034 non
524 3960 806 4035 minus
860 3954 966 4035 est
1004 3953 1532 4042 licentiosum,
1593 3982 1836 4064 quam
1892 3954 1951 4041 fi
1979 3956 2266 4064 fitlfleri
2323 3959 2409 4035 δε

80 4075 337 4171 gutturi
384 4067 888 4176 subjicerent
942 4071 1020 4150 in
1092 4070 1441 4180 genitivo
1494 4067 1809 4154 literam
1879 4098 1922 4154 o
1987 4066 2405 4187 mediam?

2229 4195 2426 4283 quia
