3557 5113
730 253 952 423 326
1351 253 1511 364 M.
1618 254 1983 361 Fami
2096 246 3193 381 chrimANt‘

767 566 956 644 Cn.
1074 550 1256 633 loco
1302 542 1936 651 complexionem
1959 591 1982 630 ,
2048 486 2378 644 quaeiaut
2438 528 2518 611 id
2565 474 2805 611 infert*
2841 526 3126 610 solum,
3153 522 3358 633 quod

558 746 579 764 .
665 752 677 759 ,
772 675 984 775 XIV.
1079 692 1178 745 ex
1209 660 1572 741 omnibus
1611 651 1949 762 partibus
1993 652 2340 756 cogitur:
2378 644 2530 725 hoc
2577 642 2822 725 modo
2845 676 2865 737 3
2922 640 3203 748 confilio
3231 645 3362 747 igi-

551 792 592 839 0
1083 780 1205 884 rur
1241 770 1542 854 mundus
1592 764 2133 869 admimstratur
2163 797 2185 839 .·
2253 781 2381 839 aut
2443 784 2681 837 unurn
2725 760 2806 835 in
2867 754 3134 834 locum
3195 777 3361 830 cum

1084 885 1547 969 conduxerit
1600 881 1941 959 breviter
1996 870 2609 980 propositionem
2657 874 2734 948 ὅ(
2799 864 3363 945 affumtionem,'

1080 996 1425 1103 adjungit
1470 990 1661 1101 quid
1680 996 1799 1069 fex
1845 989 1962 1065 his
2006 984 2459 1065 conficiatur
2495 1039 2519 1072 ,
2574 978 2670 1059 ad
2733 980 2940 1058 hunc
2998 974 3352 1055 modum:

959 1140 967 1148 ·
1080 1110 1308 1218 Qod
1319 1110 1398 1215 si
1432 1108 1684 1185 melius
1727 1125 2084 1209 reguntur.
2101 1126 2245 1207 quae
2282 1095 2551 1201 consilio
2570 1150 2588 1175 ‚
2615 1096 2830 1203 quim
2877 1120 3020 1200 qua
3035 1090 3196 1197 sine
3234 1118 3364 1166 con-

1058 1227 1226 1337 silio
1278 1219 1872 1319 administrantur
1900 1249 1920 1288 :
1992 1210 2193 1291 nihil
2235 1233 2473 1289 autem
2507 1213 2821 1285 omnium
2857 1232 3098 1283 rerum
3136 1204 3366 1279 melius

1083 1364 1303 1449 quam
1340 1336 1572 1412 omnis
1609 1325 1913 1409 mundus
1947 1320 2484 1425 admimstratur
2527 1349 2543 1395 ε
2616 1316 2886 1419 consilio
2917 1322 3147 1425 igitur
3182 1340 3357 1392 mun-

1086 1449 1219 1528 'dus
1257 1442 1814 1548 administratur.
1900 1440 2048 1523 Cui
2097 1434 2297 1540 parti
2340 1428 2760 1511 consentio.
2847 1432 2936 1505 ln
2985 1426 3228 1504 tribus
3259 1449 3361 1502 au·

1093 1583 1257 1641 tem
1314 1582 1499 1664 quas
1553 1552 1877 1631 fecimus
1936 1546 2274 1652 partibus
2315 1600 2335 1627 ‚
2403 1569 2564 1621 non
2622 1541 2731 1620 est
2788 1540 3040 1618 forma
3080 1535 3366 1641 semper

1093 1669 1370 1761 eadem
1414 1721 1439 1756 ‚
1511 1661 1640 1741 sed
1676 1687 1868 1748 una,
1919 1662 1999 1735 in
2053 1684 2204 1764 qua
2245 1653 2455 1734 idern
2496 1650 2984 1732 concluditur
3026 1647 3241 1756 quod
3274 1652 3369 1724 in-

1102 1778 1465 1863 tenditur.
1532 1781 1798 1852 Anima
1839 1772 2261 1849 immortalis
2300 1768 2401 1870 est.
2472 1779 2661 1844 Nam
2702 1763 3053 1876 quicquid
3076 1758 3372 1870 exſstffl

1088 1904 1409 1974 movetur
1429 1944 1449 1970 ,
1489 1885 1891 1997 ‚immortale
1928 1881 2022 1986 est
2048 1911 2065 1960 :
2123 1885 2374 1971 anima
2412 1901 2654 1957 autem
2682 1907 2771 1957 ex
2782 1875 3017 1987 stipsi
3040 1895 3369 1957 movetur,-

1092 2001 1536 2085 immortalis'
1569 2004 1801 2105 igitur
1842 1996 1933 2098 (st
1968 2000 2236 2073 anima.
2264 1990 2269 1998 “
2299 1992 2479 2069 Hoc
2519 1987 2609 2068 fit
2652 2016 2813 2067 non
2850 1987 3104 2067 solum
3144 1990 3225 2063 in
3244 1981 3370 2062 sm-

1092 2113 1292 2226 gulis
1333 2111 1806 2219 argumentis
1830 2162 1852 2199 ,
1899 2103 2027 2184 sed
2065 2108 2148 2183 in
2188 2105 2368 2183 totis
2426 2098 2655 2197 causis
2690 2127 2862 2210 quae
2894 2098 3065 2180 sunt
3100 2094 3366 2201 iimpli-

1105 2229 1291 2317 ces}
1343 2226 1526 2306 &in
1563 2217 2126 2331 quaestionibus.
2214 2220 2426 2294 Nam
2465 2219 2545 2293 δε
2584 2214 2702 2292 hae
2728 2215 3083 2319 primum
3108 2208 3373 2305 habent

1099 2335 1708 2451 propositionem
1739 2386 1763 2423 ‚
1822 2331 2280 2437 Sacrilegium
2330 2325 2707 2430 commtssti
2752 2359 2774 2411 3
2831 2319 3191 2403 hominem
3216 2327 3372 2405 uci-

1102 2452 1284 2555 disti.
1349 2463 1509 2527 Non
1545 2443 1852 2556 quisquis
1896 2439 2248 2518 hominem
2294 2437 2545 2529 occidit
2584 2493 2604 2522 ‚
2663 2437 2851 2516 caedis
2902 2465 3059 2515 reus
3097 2458 3375 2513 tenetur.

1107 2558 1414 2648 Deinde
1456 2564 1860 2637 rationem.
1965 2549 2110 2633 Sed
2148 2554 2309 2631 haec
2344 2547 2455 2629 cst
2499 2552 2579 2628 in
2642 2546 2874 2630 causls
2922 2553 3002 2629 &
3042 2538 3381 2655 quaestio-

1079 2674 1326 2778 ‘nibus
1363 2671 1719 2775 longior,
1786 2690 2022 2774 quam
2067 2667 2144 2741 in
2186 2662 2492 2769 singulis
2529 2664 3022 2769 argumentis.
3104 2665 3197 2739 Et
3233 2656 3378 2764 ple-

1106 2785 1440 2893 rumque
1487 2781 1786 2859 summa
1829 2775 2376 2882 complexione
2432 2831 2453 2864 ‚
2511 2775 2635 2855 vel
2681 2800 2821 2880 per
2878 2773 3381 2868 enumeratio-

1105 2926 1288 2979 nem
1313 2952 1334 2986 ‚
1400 2892 1526 2974 vel
1571 2918 1708 2997 per
1733 2888 2059 2988 ‘brevem
2096 2885 2673 2976 conclusionem
2720 2882 3039 2964 testatur
3079 2880 3269 2998 quid
3296 2873 3382 2959 ef-

1109 3011 1405 3093 fecerit.
1467 3010 1555 3082 ln
1603 3004 1755 3080 hoc
1797 3025 2077 3108 genere
2134 2997 2567 3103 propositio
2623 2996 2852 3076 dubia
2902 2995 3049 3075 est:
3124 2995 3223 3075 de
3251 2995 3379 3073 hac

1110 3126 1324 3212 enim
1376 3117 1761 3224 quaeritur.
1858 3111 2131 3190 Altera·
2167 3108 2279 3187 est
2310 3109 2761 3215 complexio
2799 3163 2822 3198 ,
2894 3133 3057 3186 non
3108 3135 3242 3216 par
3280 3109 3382 3183 in·-

1114 3234 1444 3318 tentioni
1472 3285 1493 3319 ‚
1549 3225 1678 3305 sed
1715 3226 1881 3305 vim
1915 3221 2198 3300 habens
2238 3249 2528 3327 parem.
2594 3236 2844 3302 mors
2883 3219 3092 3300 nihil
3124 3219 3233 3298 ad
3258 3248 3383 3298 nos.

1110 3355 1280 3428 'nam
1326 3340 1516 3456 quod
1549 3340 1640 3442 est
1684 3325 2082 3440 diffo‘lutum
2104 3393 2125 3421 ,
2139 3334 2351 3441 βψ
2406 3357 2598 3414 caret
2631 3370 2656 3410 .·
2721 3333 2915 3445 quod
2945 3330 3393 3440 autemstnfi

1114 3480 1338 3542 caret,
1393 3450 1593 3532 nihil
1637 3449 1742 3527 ad
1773 3477 1917 3526 nos.
2010 3451 2097 3525 In
2125 3445 2298 3525 'alio
2356 3471 2640 3554 genere
2695 3469 2861 3525 non
2908 3441 3193 3525 eadem
3229 3467 3393 3550 pro-

1117 3566 1399 3676 pofitio
1440 3562 1549 3642 est
1577 3619 1598 3647 ,
1671 3584 1841 3667 quae
1885 3561 2293 3639 connexio,
2409 3567 2667 3639 omnia
2697 3561 3053 3638 animalia
3107 3560 3396 3636 meliora

1069 3775 1076 3778 ,
1085 3683 1270 3790 fimt
1341 3704 1559 3788 quam
1617 3679 1945 3780 inanima
2012 3708 2035 3748 .·
2114 3668 2315 3749 nihil
2367 3697 2606 3778 aufem
2660 3674 2911 3772 meltsus
2960 3668 3050 3776 est
3099 3664 3396 3756 mu‘nd03

1077 3893 1080 3896 Α
1114 3791 1419 3873 mundus
1468 3793 1696 3896 igitur
1747 3787 2044 3863 animal.
2133 3786 2287 3863 Hic
2325 3782 2576 3887 potest
2626 3779 2873 3863 videri
2921 3780 3020 3862 de
3080 3805 3174 3861 re
3225 3807 3397 3860 con-

1061 3967 1076 3986 .
1118 3906 1386 3986 tentio.
1445 3899 1705 3977 Potuit
1733 3898 1946 3973 enim
1994 3893 2096 3975 sle
2148 3894 2502 3974 constitui
2542 3887 3067 3980 ratiocinatio:
3116 3893 3407 3972 Animal

1079 4015 1214 4129 ,²st
1247 4010 1550 4097 mundus
1582 4043 1608 4104 ‚·
1681 4012 1924 4091 omnia
1979 4013 2169 4088 enim
2213 4010 2574 4090 animalia
2621 4009 2919 4090 meliora
2948 4008 3137 4115 sient
3192 4031 3404 4114 quam

2800 4143 2813 4154 ·
3171 4141 3398 4196 mnne-
