3557 5113
267 295 501 457 De
550 285 997 495 Irfflit.
1054 290 1788 460 Orat-oria,
1820 281 2116 445 Lib.
2183 285 2342 439 ΙΙ.
2558 291 2782 430 r09?

195 603 412 684 ditum
445 660 469 696 ‚
537 625 628 685 ut
684 601 892 711 quasi
947 600 1309 715 quasdam
1365 602 1574 712 leges
1623 603 2091 689 immutabili
2142 599 2456 684 necem-
2477 652 2640 729 CA,
2668 632 2895 725 xlm·

201 739 327 797 tate
379 716 821 796 constrictas
878 713 1223 797 studiofis
1281 715 1587 798 dicendi
1632 717 1920 796 feram:
1976 721 2243 825 utique
2273 740 2463 821 pro-
2649 705 2663 723 ⁸
2863 736 2867 740 ·

196 831 486 909 oenunm
508 886 533 919 ‚
604 833 686 909 δε
729 827 812 908 id
850 830 1074 936 quale
1115 861 1135 907 z
1185 832 1551 935 proxima
1590 828 1770 910 huic
1819 833 2161 909 narratio
2197 860 2216 907 ε
2282 857 2468 939 quae·

200 939 302 1019 lex
336 939 615 1020 deinde
676 938 1078 1021 narrandi:
1132 939 1563 1046 propositio
1601 940 1775 1046 post
1833 942 2029 1021 hanc
2051 998 2075 1032 ‚
2120 939 2305 1031 vel,
2367 963 2464 1023 ut

196 1052 616 1160 quibusdam
671 1051 1006 1157 placuit,
1055 1052 1402 1132 excursio
1439 1085 1456 1131 ε
1513 1074 1687 1132 tum
1726 1075 1977 1132 certus
2018 1052 2219 1134 ordo
2259 1080 2467 1162 quae·

199 1164 545 1255 itionum)
589 1186 1017 1272 caeteraque
1059 1193 1228 1273 quae
1265 1164 1480 1247 velut
1513 1163 1568 1244 fi
1609 1164 1833 1244 aliter
1866 1165 2114 1245 facere
2156 1166 2265 1246 fas
2296 1182 2474 1247 non¹

198 1272 307 1366 fit,
349 1276 664 1385 quidam
731 1298 1029 1357 tantum
1094 1298 1477 1386 quantum
1544 1273 1709 1369 iussi
1797 1275 2234 1386 sequuntur.
2358 1283 2452 1358 E-

194 1410 293 1467 rat
337 1392 543 1467 enim
607 1389 991 1469 rhetorice
1047 1417 1167 1469 res
1225 1388 1536 1495 prorsus
1582 1387 1822 1468 facilis
1887 1415 1974 1469 ac
2043 1416 2277 1495 parva
2313 1446 2333 1472 ,
2399 1389 2458 1470 fi

194 1525 345 1577 uno
378 1505 453 1579 δι
495 1502 714 1581 brevi
755 1498 1195 1606 praescripto
1246 1502 1774 1580 contineretur
1813 1531 1832 1577 ε
1891 1497 2020 1580 sed
2063 1523 2466 1581 mutantur

188 1609 533 1719 pleraque
565 1610 800 1692 caufis
835 1669 860 1702 ‚
926 1612 1404 1719 temporibus
1429 1668 1452 1703 ‚
1496 1607 1932 1694 occasione,
2003 1610 2460 1692 necestitate.

186 1726 428 1831 Atque
485 1720 664 1803 ideo
731 1750 846 1803 res
909 1728 991 1803 in
1042 1746 1347 1804 oratore
1407 1728 1785 1831 praecipua
1845 1723 2253 1803 confilium
2306 1723 2461 1816 est,

187 1838 347 1940 quia
385 1839 594 1917 varie
616 1892 640 1926 ‚
680 1839 760 1916 ὅ(
802 1835 900 1916 ad
947 1863 1209 1917 rerum
1247 1842 1650 1916 momenta
1688 1840 2189 1916 convertitur.
2247 1833 2468 1940 Qid

184 1943 235 2023 fi
264 1951 464 2025 enim
506 1950 901 2054 praecipias
941 1949 1439 2056 imperatori,
1474 1951 1785 2056 quoties
1828 1951 2075 2028 aciem
2113 1947 2460 2040 instrum·

183 2055 438 2164 dirigat
488 2059 839 2139 frontem
877 2115 902 2151 ‚
966 2078 1256 2140 cornua
1307 2063 1667 2167 utrinque
1715 2058 2206 2166 promov‘eat3
2236 2066 2460 2167 equi-

176 2188 274 2247 tes
313 2198 462 2275 pro
508 2171 870 2252 cornibus
913 2169 1121 2252 locet
1166 2172 1194 2254 ἓ
1264 2175 1430 2252 Erit
1483 2172 1645 2252 haec
1687 2171 2005 2279 quidem
2044 2168 2457 2253 resti‘ffima

175 2279 464 2362 fortasse
512 2289 755 2374 ratio,
812 2286 1112 2393 quoties
1153 2284 1416 2364 licebit
1456 2315 1476 2363 :
1532 2282 1662 2363 sed
1721 2284 2147 2365 mutabitur
2183 2306 2458 2365 natura

168 2391 371 2483 loci,
395 2391 457 2472 fi
504 2422 729 2478 mons
776 2418 1137 2475 occurret
1166 2451 1191 2487 ‚
1246 2394 1303 2476 fi
1328 2394 1647 2476 ‘flumen
1692 2396 2019 2475 obstabit
2057 2453 2083 2487 ,
2127 2396 2183 2476 si
2230 2396 2452 2476 colli-

166 2502 308 2585 bus
335 2560 361 2595 ,
430 2501 651 2612 sylvis
681 2565 705 2600 ‚
780 2506 1178 2614 asperitate
1245 2506 1393 2588 alia'
1431 2507 1986 2615 prohibebitur.
2122 2498 2466 2590 Mutabit‘

160 2616 499 2698 hostium
544 2639 829 2726 genuit,
874 2620 1203 2699 mutabit
1252 2620 1633 2727 praelentis
1687 2619 2043 2701 conditio
2085 2620 2466 2702 dllcrimi-·

164 2734 322 2810 nis:
387 2759 608 2812 nunc
641 2735 802 2812 acie
861 2729 1146 2811 directa
1175 2788 1198 2822 ,
1243 2759 1450 2813 nunc
1511 2735 1772 2814 cuneis
1793 2755 1822 2824 ·,
1876 2751 2082 2814 nunc
2126 2733 2452 2837 auxilijs,

169 2864 354 2921 nune
390 2844 716 2952 legione
760 2843 1275 2949 pugnabitur:
1341 2872 1905 2954 nonnunquam
1953 2869 2168 2951 terga
2222 2851 2463 2926 etiam

164 2948 423 3033 dediffie
474 2954 867 3035 simulata*
902 2951 1079 3061 fuga
1122 2953 1496 3064 proderit.
1611 2949 1723 3036 Ita
1780 2960 2260 3062 prooemium
2324 2985 2465 3037 ne-

155 3061 539 3148 cessarium
590 3123 621 3157 ‚
703 3094 802 3145 an
861 3059 1415 3174 supervacuum
1471 3058 1489 3147 ἐ
1572 3069 1855 3158 breve,
1933 3095 2033 3149 an
2105 3069 2460 3175 longius?

150 3173 248 3253 ad
279 3178 639 3277 judicem
691 3183 910 3260 omni
956 3179 1311 3261 sermone
1367 3179 1663 3260 directo
1689 3237 1710 3270 ‚
1767 3207 1865 3258 an
1929 3180 2341 3289 aliquando
2383 3209 2460 3259 a«

150 3289 351 3370 verso
402 3321 565 3398 per
623 3291 1331 3399 aliquam‘figuram
1365 3349 1389 3376 ,
1452 3288 1873 3373 dicendum
1934 3290 2025 3371 s1t
2067 3325 2084 3371 ε
2145 3291 2464 3392 constrif

153 3398 259 3477 sta
300 3432 397 3483 an
431 3405 690 3483 latius
744 3404 900 3485 fusa
944 3407 1281 3484 narratio
1312 3460 1335 3494 ,
1408 3407 1777 3484 continua
1832 3431 1928 3482 an
1983 3402 2219 3486 divisa
2250 3459 2273 3493 ,
2338 3432 2460 3484 re·-

157 3509 377 3594 &aan
407 3515 716 3597 ordine
767 3538 1258 3624 permutato,
1313 3516 1548 3597 ca'usae
1599 3514 2013 3596 docebunt.
2106 3523 2481 3624 Itemque,

161 3617 253 3698 de
288 3629 811 3731 thaestionum
851 3628 1125 3708 ordine
1155 3685 1178 3719 ,
1237 3657 1419 3708 cum
1470 3632 1550 3709 in
1613 3625 1889 3708 eadem
1936 3627 2480 3710 controversa*

158 3731 487 3842 aliudalij
522 3744 754 3849 parti
794 3745 1021 3845 prius‘
1061 3744 1297 3848 quaeri
1334 3742 1782 3851 frequenter
1828 3739 2204 3846 expediat.
2293 3747 2461 3821 Ne·-

142 3868 301 3954 que
339 3856 530 3934 enim
577 3851 1133 3959 rogationibus
1190 3852 1524 3961 plebisve
1556 3851 1767 3934 'stitis
1811 3851 2264 3934 saneta-sunt
2306 3852 2464 3933 ista*

128 3987 542 4071 praecepta,
615 3963 768 4045 sed
824 3961 981 4044 hoc
1033 3964 1400 4075 quicquid
1440 3959 1913 4058 est‚'utilitas‘
1950 3969 2438 4072 excogitavit.

121 4075 293 4158 Non
312 4081 663 4190 negabo
709 4099 988 4157 autem
1026 4074 1125 4156 fic
1164 4078 1352 4161 utile
1395 4080 1561 4161 effe'
1580 4079 2041 4188 plerumque
2061 4134 2085 4170 ‚
2151 4076 2445 4180 alioqui

2292 4210 2452 4271 nec
