3557 5113
741 121 998 268 6185
1219 125 1376 280 M(
1479 128 1908 248 FAssii
2055 123 3233 268 Qtncritraur

691 432 890 507 '3⁴¹'ss
914 426 1032 504 m·
1077 442 1308 528 dabit»
1436 450 1606 526 Nec
1648 442 1866 526 enim
1907 435 2159 521 rursus
2208 463 2342 520 eos
2400 441 2549 546 ‘qui
2628 438 2867 521 robur
2914 437 3252 547 aliquod
3306 443 3379 519 in

669 583 676 588 ·
807 557 810 560 ’
1076 556 1638 665 stylojecerint
1661 611 1684 640 ‚
1726 555 1826 636 ad
1866 553 2262 633 infelicem
2301 551 2821 632 calumniandi
2863 551 3016 632 sele
3062 580 3393 658 poenam·

1076 667 1508 777 alligandos
1535 690 1751 775 puto,
1830 672 2038 745 Nam
2081 662 2493 773 quomodo
2521 663 2869 744 sufficere
2888 665 3257 745 civilibus
3277 666 3376 744 of-

1069 782 1268 864 ficiis
1296 778 1527 888 possit
1559 834 1583 871 ‚
1619 781 1755 887 qui
1796 775 2107 884 singulis
2138 777 2525 857 aCtionum
2545 777 2882 883 partibus
2905 774 3389 858 insenescat?.

1075 902 1272 977 Sunt·
1303 916 1578 976 autem·
1624 891 1901 998 quibus
1959 888 2158 968 nihil
2200 888 2294 967 fit
2331 888 2501 967 satis
2539 923 2565 966 .·
2605 893 2871 968 omnia
2906 912 3231 970 mutare
3253 944 3276 980 ,
3308 917 3375 969 o-

1074 1009 1289 1086 mnia
1319 1003 1558 1086 aliter.
1579 1001 1851 1090 dicere
1887 1027 2126 1107 quam
2158 1020 2557 1091 occurrat,
2621 1000 2866 1080 velint
2907 1030 2925 1077 ε
2996 1001 3377 1082 increduli

1072 1116 1391 1225 quidam
1429 1171 1452 1207 ,
1515 1122 1596 1200 &
1632 1113 1731 1203 de
1761 1116 2084 1222 ingenio
2125 1110 2259 1191 suo
2298 1109 2621 1217 peffime
2674 1115 2985 1194 meriti.
3048 1119 3193 1220 qui
3229 1114 3375 1194 dili-

1076 1232 1431 1338 gentiam
1483 1248 1758 1334 putant
1792 1279 1817 1317 ,
1921 1225 2172 1305 facere
2203 1222 2339 1303 sibi
2381 1222 2753 1303 scribendi
2799 1221 3362 1305 difficultatem.

1071 1347 1248 1422 Nec
1287 1363 1696 1447 promtum
1752 1336 1862 1426 est
1892 1334 2151 1417 dicere
2172 1391 2196 1427 ,
2263 1356 2475 1416 utros
2510 1361 2826 1440 peccare
2865 1337 3207 1417 validius
3243 1366 3377 1444 pu-

1076 1476 1240 1534 tem
1268 1507 1293 1543 ‚
1330 1453 1607 1559 quibus
1640 1452 1908 1529 omnia
1947 1449 2071 1528 sua
2113 1446 2468 1553 placent,
2512 1472 2609 1525 an
2641 1446 2915 1553 quibus
2956 1449 3180 1529 nihil.
3237 1456 3365 1530 Ac-

1077 1563 1267 1647 cidit
1312 1567 1527 1646 enim
1575 1565 1810 1642 etiam
1848 1558 2259 1664 ingeniosis
2283 1557 2884 1639 adolescentibus
2911 1559 3365 1668 frequenter.

1080 1700 1166 1757 ut
1224 1671 2089 1756 labore-consumantur
2122 1726 2142 1752 ‚
2208 1677 2284 1750 δε
2336 1675 2415 1748 in
2460 1669 2846 1750 silentium
2945 1673 3181 1780 usque
3250 1675 3364 1753 de-

1077 1785 1442 1868 scendant
1485 1788 1724 1864 nimia
1786 1784 1981 1862 bene
2044 1781 2352 1860 dicendi
2417 1781 2850 1885 cupiditate.
2940 1790 3103 1886 Qua
3142 1784 3238 1862 de
3273 1813 3361 1878 re

1071 1901 1403 1979 memini
1454 1894 1778 1977 nari-affe
1812 1895 2015 1974 mihi
2051 1893 2347 2001 Julium
2389 1893 2830 1973 Secundum
2863 1894 3072 1976 illum
3111 1923 3354 2002 aequa-⁴

975 2107 979 2112 ,
1073 2012 1256 2090 lem·
1291 2035 1560 2089 meum
1587 2062 1610 2098 ,
1663 2030 1894 2113 atque
1934 2034 1980 2086 a
2025 2032 2180 2094 me,
2220 2027 2307 2083 ut
2344 2025 2621 2083 notum
2658 2005 2766 2085 est
2810 2063 2835 2090 ‚
2900 2007 3353 2102 familiariter

1069 2141 1444 2212 amatum,
1486 2125 1702 2200 mirae
1737 2116 2112 2198 facundiae
2149 2120 2446 2206 virum,
2490 2116 2810 2198 infinitae
2853 2140 3122 2200 tamen
3152 2149 3365 2205 curat.-

1069 2231 1262 2342 quid
1295 2230 1477 2312 effet
1517 2230 1728 2321 sibia
1760 2252 2041 2336 patruo
2076 2229 2210 2307 suo
2246 2226 2561 2307 dictum.
2630 2229 2876 2308 isfuit
2912 2233 3162 2338 Julius
3191 2233 3357 2326 Flo-2

1080 2374 1248 2433 rus,
1294 2348 1370 2426 in
1404 2344 1845 2449 eloquentia
1887 2342 2313 2431 Galliarum
2339 2351 2365 2434 (
2383 2345 2879 2446 quoniamibi
2903 2343 3221 2426 demum
3244 2373 3355 2423 ex.

1074 2459 1322 2539 ercuit
1357 2473 1527 2535 eam
1557 2460 1593 2553 )
1633 2457 2014 2561 princeps,
2052 2453 2341 2559 alioqui
2378 2457 2581 2533 inter
2617 2482 2902 2560 paucos
2928 2455 3351 2554 disertus&

1077 2568 1355 2674 dignus
1398 2569 1528 2654 illa
1571 2571 2168 2674 propinquitate.
2214 2570 2277 2644 ls
2316 2592 2495 2646 cum
2536 2567 2982 2648 Secundum
3008 2570 3227 2652 scola:
3246 2569 3351 2650 ad-

1073 2681 1226 2775 huc
1264 2702 1674 2785 operatum
1729 2733 1751 2762 ,
1809 2678 2101 2758 tristem
2145 2678 2348 2756 forte
2403 2677 2729 2765 vidiffet‚
2792 2683 3363 2789 interrogaviu.

1076 2796 1271 2893 Qae
1325 2789 1540 2870 causa
1597 2791 1870 2873 frontis
1928 2813 2090 2868 tarn
2142 2787 2491 2872 obduciae
2552 2791 2574 2891 ἓ
2655 2819 2797 2889 nec
2856 2791 3339 2876 dissimulavit

1078 2927 1251 2997 tuni
1315 2900 1752 2985 adolescens
1790 2956 1835 2995 ‚,
1889 2909 2206 3005 tertium
2279 2905 2432 2998 jam
2504 2901 2714 2983 diem
2766 2904 2914 2985 esse
2962 2961 2992 2996 ‚
3041 2905 3251 3016 quod
3283 2934 3355 2984 o-

1085 3018 1253 3097 mni
1304 3015 1562 3094 labore
1618 3018 1960 3093 materiae
2010 3012 2108 3093 ad
2182 3013 2668 3095 scribendum
2740 3016 3158 3102 destinata:
3218 3046 3349 3100 non

1078 3131 1463 3208 inveniret
1513 3124 1927 3205 exordium
1986 3154 2004 3202 ε
2058 3151 2220 3233 quo
2268 3124 2404 3206 fibi
2466 3154 2629 3207 non
2675 3128 3017 3234 praesens
3082 3156 3352 3214 tantum

1069 3238 1309 3323 dolor
1357 3292 1400 3328 ⁴,
1481 3236 1611 3317 sed
1651 3240 1888 3319 etiam
1958 3234 2408 3342 desperatio⁵
2458 3241 2542 3331 in
2618 3240 3034 3345 posterum
3138 3247 3349 3327 fieret.

1074 3352 1289 3431 Tum
1305 3349 1559 3433 Florus
1593 3347 1935 3433 arridens
1959 3383 1985 3440 ‚-
2007 3344 2453 3459 Nunquidta
2468 3405 2491 3441 ,
2516 3354 2770 3458 inquit
2793 3407 2816 3443 ,
2848 3360 3133 3438 melius
3153 3359 3365 3453 dicen

1075 3468 1219 3545 vis,
1242 3466 1846 3572 qaampates?lta
1877 3455 1951 3539 se
1982 3486 2099 3540 res
2116 3461 2382 3542 habet:
2409 3461 2858 3544 Curandum
2877 3467 2997 3547 est
3026 3492 3120 3550 ut
3142 3496 3359 3580 quam

1071 3575 1374 3679 optime
1412 3569 1756 3654 dicamus
1780 3605 1813 3662 ,ς
1865 3568 2287 3654 dicendum
2325 3596 2589 3655 tamen
2619 3602 2768 3681 pro
2796 3576 3197 3664 facultate.
3249 3578 3359 3662 Ad

1071 3684 1512 3791 profectum
1579 3687 1793 3764 enim
1834 3708 2031 3789 opus
2078 3684 2188 3764 est
2221 3685 2478 3787 studio
2524 3739 2555 3777 ‚
2600 3712 2767 3791 non
2798 3687 3367 3799 indignatione..

1067 3800 1180 3878 Ut
1262 3792 1635 3901 poffimus
1745 3815 2012 3887 autem
2087 3795 2443 3901 scribet-je„
2518 3800 2756 3879 ctiam
2859 3801 3100 3908 plura
3173 3861 3195 3891 ,
3276 3810 3359 3887 δι.

1068 3905 1435 3999 celerius,
1461 3931 1635 3987 non
1725 3907 2463 4005 exercitatiomodo
2507 3909 2890 4019 praestabit
2926 3970 2952 4006 ‚
3049 3921 3134 3999 in
3213 3938 3351 4019 qua⁸

1207 4050 1214 4057 ·
3205 4023 3340 4106 sine
