3557 5113
772 261 1054 411 446
1217 277 1223 283 ·
1387 253 1540 360 Μ.
1626 254 2018 391 {FAatt
2170 249 3142 381 Qm‘cnmam

1118 570 1341 659 velut
1392 574 1475 656 in
1508 564 2297 674 vestibulo-protinus,
2339 562 2920 673 apprehensuris
2961 563 3172 646 hane
3221 590 3369 652 oon·

1124 682 1534 769 feffionem
1574 707 1837 762 meam
1856 690 1902 772 ⁸,
1960 677 2298 760 resistam
2337 681 2426 758 iis
2456 680 2598 787 qui
2642 677 2913 758 omissa
2953 705 3203 759 rerum
3226 679 3374 786 (qui

1126 800 1350 883 nervi
1389 794 1559 876 sunt
1609 798 1689 872 in
1742 788 1974 872 caufis
1993 793 2037 889 )
2073 787 2512 897 diligentia,
2568 788 2918 897 quodam
2966 793 3167 871 inani
3205 791 3372 870 cim

1126 935 1361 991 voces
1404 904 1658 986 studio
1695 903 2079 983 senescunt
2127 932 2150 979 .-
2217 901 2457 1011 idque
2517 902 2808 982 faciunt
2879 906 3123 1009 gratia
3183 900 3375 981 deco-
3462 950 3463 953 κ

1129 1023 1232 1100 ris
1276 1052 1297 1112 ;
1356 1016 1570 1123 quod
1615 1016 1725 1095 est
1769 1017 1853 1094 in
1891 1012 2223 1093 dicendo
2262 1042 2434 1094 mea
2484 1012 2803 1121 quidem
2835 1012 3372 1121 opinionepul-

1128 1131 1612 1213 cheri-imum
1632 1186 1655 1212 ,
1721 1125 1851 1206 sed
1892 1154 2072 1214 cum
2119 1125 2461 1231 sequitur
2495 1182 2518 1207 ‚
2577 1154 2740 1204 non
2780 1152 2960 1205 cum
3006 1125 3369 1207 affectam.

1126 1246 1479 1347 Corpora
1523 1239 1740 1329 sana,
1783 1244 1862 1318 ὅ(
1903 1239 2178 1343 integri
2237 1237 2612 1343 [anguinis
2654 1293 2678 1331 ‚
2744 1245 2820 1317 ὅ(
2866 1239 3377 1318 exercitatione

1128 1351 1440 1433 firmata
1473 1406 1499 1443 ,
1563 1379 1661 1442 ex
1720 1349 1992 1430 iisdem
2034 1348 2151 1429 his
2197 1350 2523 1452 speciem
2588 1325 2975 1454 afflpiunt
3038 1403 3064 1440 ,
3122 1376 3214 1429 ex
3247 1349 3375 1455 qui-

1126 1465 1269 1546 bus
1314 1469 1511 1548 vires
1549 1497 1567 1543 :
1637 1488 1971 1567 namque
2015 1465 2094 1541 δε
2140 1464 2484 1541 colorata
2522 1515 2548 1552 ‚
2604 1468 2683 1541 ὅ(
2738 1456 3089 1541 εάίὶτὶὲὶέ
3118 1515 3144 1552 ,
3189 1465 3260 1543 δε
3287 1456 3372 1538 la-

1129 1578 1356 1659 certis
1396 1573 1732 1681 expressa
1769 1571 1941 1650 sunt
1969 1625 1994 1662 ‚
2073 1568 2204 1650 sed
2261 1570 2535 1652 eadem
2589 1567 2645 1650 fi
2703 1576 2874 1677 quis
2924 1572 3134 1656 vulsa
3181 1595 3369 1679 atque

1130 1688 1380 1771 fucata
1419 1684 1898 1766 muliebriter
1949 1705 2210 1762 comat
2244 1738 2268 1765 ‚
2351 1680 2759 1764 foediss'tma
2818 1686 2992 1766 sunt
3042 1681 3193 1791 ipso
3243 1680 3374 1763 for-

1135 1827 1287 1881 mae
1337 1797 1615 1879 labore.
1776 1798 1869 1872 Et
1919 1794 2175 1874 cultus
2230 1793 2619 1875 concessiis
2678 1816 2910 1901 atque
2973 1792 3376 1901 magnificus

1137 1907 1353 1990 addit
1395 1905 1843 1990 hominibus
1867 1960 1890 1996 ‚
1968 1928 2058 1984 ut
2103 1910 2383 1985 Graeco
2419 1905 2647 1995 versu
2694 1907 3049 1989 testatum
3088 1903 3218 1999 est,
3261 1930 3386 1984 au-

1145 2020 1583 2100 &oritatem
1619 2049 1638 2097 ε
1700 2040 1784 2097 at
1813 2014 2210 2099 muliebris
2256 2022 2338 2098 &
2384 2016 2816 2099 luxuriosus
2859 2074 2882 2112 ,
2927 2046 3089 2100 non
3130 2040 3383 2122 eorpus

1088 2159 1104 2165 ·
1142 2155 1468 2213 exornat
1495 2185 1521 2222 ‚
1571 2128 1702 2209 sed
1739 2128 2035 2234 detegit
2069 2151 2440 2211 mentem.
2532 2128 2894 2211 Similiter
2932 2131 3065 2211 illa
3099 2126 3382 2209 translu-

1140 2240 1313 2323 eida
1351 2249 1433 2325 &
1472 2240 1891 2325 verficolor
1930 2238 2419 2349 quorundam
2459 2238 2807 2321 elocutio
2832 2296 2856 2333 ,
2908 2271 3030 2323 res
3080 2238 3258 2348 ipsas
3288 2236 3381 2317 ef-

1138 2353 1494 2436 foen-:inat
1530 2409 1555 2446 ‚
1608 2381 1782 2460 quae
1820 2351 1964 2431 illo
1992 2353 2411 2438 verborum
2455 2352 2716 2433 habitu
2755 2353 3196 2436 vestiuntur.
3258 2355 3383 2431 Cu-

1136 2492 1309 2546 ram
1365 2493 1557 2572 ergo
1586 2464 2042 2547 verborum
2083 2519 2109 2554 ,
2211 2489 2485 2548 rerum
2537 2463 2730 2544 volo
2791 2465 2938 2546 esse
3008 2461 3386 2549 solicitudi-

1137 2603 1346 2657 nem.
1462 2585 1539 2657 N
1542 2605 1670 2656 am
1714 2576 2176 2682 plerumque
2221 2579 2518 2680 optima
2566 2577 2798 2657 rebus
2837 2578 3229 2660 cohaerent
3259 2629 3297 2669 ,-
3321 2581 3382 2656 ὅ(

1139 2709 1558 2768 cernuntur
1613 2687 1745 2767 suo
1801 2687 2099 2766 lumine
2155 2715 2176 2763 τ
2262 2709 2339 2766 at
2388 2713 2531 2766 nos
2589 2694 3007 2792 quaerimus
3060 2689 3189 2771 illa
3252 2712 3379 2769 tan·

1137 2825 1374 2904 quam
1419 2798 1704 2880 lateant
1766 2795 2066 2901 semper
2116 2852 2139 2885 ‚
2207 2796 2434 2903 seque
2491 2796 2931 2891 subducant-.,
3071 2807 3381 2889 lta-nun·

1131 2937 1370 3017 quam
1415 2934 1772 3017 putamus
1827 2909 2026 2987 circa
2080 2906 2164 2988 id
2196 2908 2421 3000 leffe,
2499 2908 2598 3007 de
2635 2939 2803 3018 quo
2828 2912 3250 2994 dicendum
3279 2910 3381 2991 est:

1128 3019 1259 3101 sed
1317 3049 1414 3102 ex
1476 3023 1647 3102 aliis
1703 3020 1894 3100 locis
1957 3022 2354 3124 petimus,
2390 3087 2393 3093 .
2436 3027 2515 3100 ὃ(
2568 3025 2896 3105 inventis
2950 3028 3126 3106 vim
3183 3022 3382 3108 afferi-

1126 3160 1319 3214 mus.
1474 3135 1775 3231 Maiore
1838 3134 2107 3211 animo
2162 3131 2677 3238 aggredienda
2747 3135 3202 3244 eloquentia
3263 3134 3377 3214 est:

1128 3271 1299 3350 quae
1353 3240 1407 3320 sl
1449 3264 1622 3326 toto
1658 3269 2006 3349 corpore
2036 3242 2249 3327 valet.
2268 3299 2292 3327 ‚
2344 3270 2637 3350 ungues
2681 3247 2932 3353 polite
2962 3284 3022 3342 ο
3062 3253 3151 3331 δι
3200 3245 3387 3355 capil-

1128 3355 1304 3434 lum·
1352 3381 1831 3461 componere
1884 3408 1910 3445 ‚
1983 3380 2156 3435 non--
2202 3353 2661 3436 existimabit
2727 3356 2832 3438 ad·
2882 3385 3160 3442 cur-am
3199 3359 3389 3444 'stam

1132 3468 1538 3570 pertinere.
1610 3463 1761 3545 Sed
1821 3468 2081 3546 evenit
2132 3465 2592 3573 plerumque
2613 3526 2635 3553 ‚
2684 3491 2768 3550 ut
2827 3468 2970 3550 hac
3024 3471 3395 3579 diligentia

1139 3573 1487 3663 deterior
1543 3579 1781 3655 etiam
1830 3576 1967 3657 fiat
2016 3580 2289 3656 oratio.
2396 3581 2747 3660 Primum
2781 3635 2807 3664 ,
2862 3583 3045 3690 quia
3109 3582 3302 3665 (ime-
3331 3609 3397 3661 o-

1130 3688 1378 3791 ptima
1444 3688 1767 3767 minime
1830 3684 2182 3769 aceerfita
2231 3744 2256 3780 ,
2341 3693 2422 3770 δι
2483 3688 2954 3796 simplicibus
3009 3716 3255 3804 atque
3324 3693 3404 3773 ab

1131 3795 1288 3902 ipsa
1329 3800 1649 3876 veritate
1700 3798 2072 3904 profestis·
2108 3797 2400 3880 similia.
2478 3807 2703 3884 Nam
2749 3804 3124 3912 illae-quae.
3163 3832 3403 3893 curam

1134 3905 1477 3989 fatentur
1510 3962 1535 3999 ,
1598 3914 1678 3988 &
1728 3909 1904 3991 fieta
1962 3932 2193 4018 atque
2248 3912 2672 4020 composita
2713 3914 2962 3998 videri
3015 3922 3256 4003 etiam
3289 3944 3403 4001 vo·

1137 4019 1311 4105 lunt
1361 4075 1384 4108 .
1467 4047 1609 4104 nee
1664 4023 1997 4127 gratiam
2041 4022 2679 4137 consequuntur,
2716 4034 2823 4117 ,δε
2897 4027 3168 4119 fidem
3202 4032 3411 4110 amit-

3216 4159 3400 4230 tunt,
