3557 5113
178 360 183 363 ,
263 196 506 354 De
551 189 991 398 lrfflit.
1057 184 1768 366 Oratoria',
1826 186 2121 347 Lib}
2153 185 2260 351 Ι.
2562 195 2747 339 69

150 517 625 602 mordinatum
705 544 939 631 atque
1014 523 1483 605 fortuitum:
1616 521 1833 631 quod
1894 524 2145 634 ipsum
2213 553 2402 604 non·
2426 550 2638 629 031»,
2707 541 2830 635 X(

148 660 502 741 nunquam
550 638 939 740 pertinere
1001 634 1101 717 ad
1155 658 1552 716 oratorem
1598 634 1871 742 potest.
2015 643 2146 716 An
2203 666 2398 719 vero
2797 638 2814 648 “

149 772 293 825 cum
340 746 659 828 Pericles
701 746 1211 828 Athenienses
1260 746 1439 827 solis
1470 747 2006 828 obscuratione
2061 752 2398 841 territos,

155 855 422 938 redditis
473 861 631 960 ejus
705 863 818 939 rei
877 858 1114 939 causis
1150 916 1175 951 ‚
1246 881 1465 939 metu
1520 860 1875 939 liberavit
1918 893 1968 955 :-
2018 885 2185 940 aut·
2218 889 2402 941 cum

152 968 461 1076 Sulpitius
504 971 634 1049 ille
680 971 948 1053 Gallus
984 975 1066 1051 in
1094 975 1438 1052 exercitu
1474 975 1567 1052 L.
1616 971 1825 1051 Pauli
1875 970 1973 1052 de
2021 973 2223 1053 lunae
2273 971 2401 1052 de-

153 1081 429 1164 fefflone
478 1082 818 1163 disseruit
854 1139 877 1174 ‚
939 1111 1040 1164 ne
1085 1082 1298 1166 velut
1354 1083 1720 1190 prodigio
1772 1082 2136 1168 divinitus
2198 1085 2402 1164 fasio

152 1193 444 1275 militum
504 1198 744 1274 animi
804 1218 1332 1291 terrerentur3
1397 1223 1562 1274 non
1632 1193 1995 1277 videntur
2073 1196 2216 1276 esse
2289 1195 2401 1275 usi

155 1312 433 1387 oratoris
484 1306 816 1387 officio?
912 1305 1152 1412 Qiod
1223 1305 1281 1403 fi
1344 1310 1603 1386 Nicias
1669 1309 1752 1385 in
1803 1305 2051 1401 Sicilia
2102 1307 2334 1387 scisset
2375 1362 2400 1399 ‚

152 1444 293 1496 non
335 1416 585 1497 eodem
640 1418 997 1500 confusus
1048 1414 1263 1498 metu
1319 1416 1937 1525 pulcherrimum
1974 1419 2402 1498 Athenien-

151 1527 327 1609 sium
371 1534 775 1612 exercitum
803 1528 1284 1639 perdidisset:
1351 1529 1539 1611 sicut
1582 1534 1839 1621 Dion,
1908 1558 2089 1610 cum
2128 1530 2224 1610 ad
2269 1528 2404 1609 de-

152 1640 536 1723 struendam
592 1642 949 1751 Dionysii
995 1639 1485 1749 tyrannidem
1546 1647 1760 1724 venit
1799 1699 1825 1733 ,
1879 1670 2040 1721 non
2095 1642 2205 1722 est
2267 1641 2403 1720 tali

155 1753 294 1836 casu
321 1754 749 1853 deterritus„
824 1757 989 1835 Sint
1022 1754 1379 1863 exempla
1418 1752 1602 1833 licet
1634 1754 1805 1835 usus
1844 1754 2140 1845 bellici,
2168 1752 2405 1834 trans-3-

156 1867 434 1976 eamusq;
468 1866 686 1979 quod
709 1864 1223 1947 Archimedes
1270 1894 1467 1948 unus
1495 1864 1980 1946 obsidionem
2021 1864 2407 1974 Syracusa-

155 2006 294 2059 rum
318 1985 392 2060 in
420 1980 728 2087 longius
765 1980 1037 2059 traxit:
1103 1977 1301 2060 illud
1334 1981 1601 2085 utique
1641 1980 1799 2081 jam
1839 1982 2248 2086 proprium
2284 1977 2398 2057 est

155 2088 229 2169 ad
260 2092 735 2173 efficiendum
804 2090 1020 2198 quod
1084 2090 1561 2199 intendimus
1595 2145 1620 2180 ‚
1682 2090 2052 2196 plurimas
2106 2089 2400 2198 quaesti,-

149 2228 350 2294 ones,
404 2232 723 2312 quarum
778 2200 1176 2284 difficilior
1227 2201 1372 2282 alia
1428 2204 1728 2281 ratione
1777 2202 2195 2309 explicatio
2245 2200 2398 2295 est,

152 2336 234 2393 utv
274 2313 365 2394 de
416 2320 692 2396 tatione
757 2308 1155 2399 dividendi
1192 2369 1213 2403 ‚
1274 2312 1382 2394 de.
1429 2311 1757 2393 sedtione
1824 2315 1906 2392 in
1954 2312 2346 2407 infinitum
2365 2367 2396 2413 ,

147 2421 233 2504 de
287 2425 646 2508 celeritate
693 2425 1027 2534 augendi
1060 2426 1111 2516 ,'
1146 2424 1561 2512 linearibus
1610 2423 1762 2504 illis
1816 2424 2399 2532 probationibus

153 2535 310 2617 solvi
344 2536 613 2620 solere:
679 2562 764 2622 ut
821 2539 880 2619 fi
934 2536 1043 2618 est
1114 2541 1405 2620 oratori
1452 2534 1700 2644 (quod
1758 2538 2164 2644 proximus
2264 2532 2397 2614 de÷

155 2649 545 2732 monstrabit
581 2653 806 2750 liber)
845 2651 944 2731 de
985 2652 1346 2736 omnibus
1383 2652 1607 2730 rebus
1659 2646 2076 2754 dicendum
2097 2705 2121 2733 ,
2173 2646 2400 2729 nullo

165 2761 354 2842 modo
381 2763 531 2844 fine
576 2767 1013 2874 geometria
1055 2761 1200 2844 effe
1249 2759 1482 2871 possit
1513 2759 1803 2843 orator.
1915 2757 1918 2762 ’

311 3022 654 3102 DAND
673 3025 854 3104 UM
941 3017 1235 3129 aliquid
1285 3016 1656 3099 comoedo
1745 3044 2061 3126 quoque
2103 3072 2127 3107 ‚
2203 3014 2397 3099 dum
2422 3025 2489 3104 C
2508 3045 2552 3097 A
2576 3047 2642 3101 ι».
2673 3017 2813 3103 XI.

155 3149 448 3224 eatenus,
510 3161 670 3242 qua
717 3129 1274 3240 pronuntiandi
1317 3129 1715 3220 scientiam
1764 3128 2067 3210 futurus
2129 3137 2399 3214 orato‘r

164 3236 491 3324 desiderat.
576 3253 769 3325 Non
835 3251 1052 3326 enim
1108 3269 1445 3351 puerum
1482 3295 1506 3330 ,
1561 3265 1801 3349 quem
1860 3243 1940 3318 in
1987 3241 2141 3338 hoc
2190 3239 2399 3339 insti,-

168 3355 389 3436 tuimus
410 3412 432 3446 ,
481 3379 614 3438 aut
670 3353 1055 3438 foemineae
1093 3358 1307 3438 vocis
1344 3354 1681 3433 exilitate
1710 3349 1968 3458 *frangi
2007 3352 2221 3443 volo,
2265 3375 2399 3434 aut

170 3457 426 3548 seniliter
470 3490 832 3550 tremere.
930 3475 1100 3550 Nec
1146 3471 1332 3550 vitia
1380 3467 1767 3558 ebrietatis
1817 3464 2139 3571 effingat
2170 3520 2194 3556 ‚
2250 3493 2398 3562 nec
2523 3557 2524 3562 Ν

180 3567 367 3658 servili
419 3582 855 3662 vernilitate
918 3582 1307 3662 imbuatur
1353 3609 1372 3656 ε
1438 3605 1582 3666 nec
1638 3578 1925 3660 amoris
1947 3632 1969 3667 ,
2020 3580 2397 3680 avaritiae,

177 3705 378 3768 metus
410 3692 634 3775 distat
697 3692 1095 3777 affecium:
1182 3718 1353 3801 quae
1394 3716 1648 3798 neque
1696 3694 1992 3784 oratori
2029 3688 2206 3770 sunt
2264 3716 2409 3780 ne-

168 3794 446 3892 ceffaria,
492 3810 576 3887 δε-
620 3829 985 3887 mentem
1027 3807 1409 3914 praecipue
1462 3806 1554 3884 -in
1605 3825 1854 3889 aetate3
1883 3805 2137 3909 prima
2188 3824 2398 3884 tene-

156 3931 291 3991 ram
336 3912 553 4001 adhuc
606 3924 702 4002 &
736 3917 1019 4001 rudem
1073 3917 1445 4035 inficiunt.
1542 3921 1754 4000 Nam
1809 3915 2172 4028 frequens
2218 3915 2401 4036 imi-

2198 4042 2401 4102 tatio
