3557 5113
744 231 935 346 '622
1197 183 1941 346 fMJFAssu‘
2087 216 3115 356 Quincnmam·

606 562 836 647 cn·
894 545 1208 648 111.P0'1'
1261 537 1411 616 erit
1455 551 1780 641 propter
1826 528 2052 659 quod
2090 529 2321 614 nobis
2359 529 2875 637 ignoscamus·
2983 529 3329 632 Qare
3307 555 3385 607 m

1041 646 1343 739 turba,
1378 649 1660 727 itinere
1681 700 1704 736 ,
1739 645 2173 736 conviviis,
2208 643 2336 727 vel
2390 646 2781 724 concione
2838 645 3093 723 etiam
3146 641 3385 723 faciat

1068 759 1213 842 fibi
1263 761 1642 866 cogitatio
1686 755 1845 866 ipsa
1887 755 2295 836 secretum.
2369 755 2583 856 Qid
2632 757 2932 863 alioqui
2975 754 3174 846 fiet,
3199 781 3385 835 eum

1071 877 1162 954 in
1215 871 1488 953 medio
1534 870 1761 960 foro,
1793 878 1924 968 'tot
1978 866 2651 952 circumstantibus
2691 866 3042 970 judiciis,
3084 871 3386 973 jurgiis,

1071 985 1416 1066 fortuitis
1463 985 1708 1062 etiam
1752 978 2441 1069 clamoribus5erit
2482 977 2731 1060 subito
2776 984 3174 1061 continua
3212 1006 3384 1060 ora-

1075 1099 1296 1177 tione
1317 1093 1763 1176 dicendum
1785 1147 1809 1184 ,
1838 1090 1897 1173 si
1941 1092 2354 1199 particulas
2391 1116 2582 1198 quas
2635 1093 2830 1173 ceris
2868 1091 3383 1183 mandamus,

1069 1205 1218 1291 nist
1262 1209 1349 1287 in
1402 1203 1825 1286 solitudine
1877 1205 2214 1310 reperire
2265 1228 2433 1282 non
2486 1197 2887 1310 possumus
2944 1204 2970 1285 ἓ
3052 1208 3387 1311 Propter

1075 1346 1255 1429 quae
1309 1316 1524 1399 idem
1567 1303 1709 1398 ille
1764 1337 2025 1397 tantus
2072 1336 2379 1396 amator
2431 1312 2701 1396 secreti
2752 1315 3384 1408 Demosthenes,

987 1461 990 1466 '
1077 1435 1168 1513 in
1214 1430 1482 1513 littore
1534 1432 1615 1510 in
1671 1427 1891 1537 quod
1943 1425 2018 1507 se
2075 1429 2434 1508 maximo
2480 1451 2667 1528 cum
2712 1424 2914 1508 son'o
2965 1424 3255 1510 fluCius
3295 1428 3381 1506 il-

1077 1533 1411 1635 lider'et,
1433 1539 1861 1629 meditans,
1893 1537 2435 1619 consuescebat
2485 1540 2973 1621 concionum
3012 1539 3379 1622 fremitus

1074 1663 1250 1739 hon
1334 1651 1865 1762 expavescere.
2016 1650 2161 1731 Illa
2225 1676 2547 1759 quoque
2611 1655 2929 1732 minora
3004 1662 3043 1752 (
3060 1652 3196 1734 sed
3259 1657 3375 1733 ni-

1076 1769 1200 1851 hil
1278 1770 1362 1848 in
1433 1761 1726 1872 studiis
1769 1788 2108 1870 parvum
2159 1761 2316 1859 est)
2373 1779 2543 1844 non
2615 1761 2793 1845 sunt'
2864 1763 3375 1857 transeunda,

1077 1878 1304 1961 scribi
1396 1880 1706 1984 optime
1762 1876 1958 1957 ceris
2000 1928 2027 1965 ,
2092 1877 2182 1958 ιιι
2229 1874 2511 1983 quibus
2561 1874 2934 1957 facillima
2995 1876 3109 1956 est
3148 1882 3367 1957 ratio

1077 1985 1480 2073 delendi:
1558 1986 1703 2070 nisi
1750 1984 1957 2067 forte
2004 1985 2207 2069 visus
2262 1984 2661 2069 infirmior
2730 1987 3353 2071 membranarum

1076 2104 1346 2210 potius
1396 2100 1623 2181 usum
1682 2101 2023 2206 exiget.
2113 2124 2307 2226 quae
2342 2119 2444 2179 ut
2491 2102 2763 2201 juvant
2830 2105 3081 2182 aciem
3132 2155 3161 2193 ,
3250 2105 3361 2182 ita

1078 2214 1352 2296 crebra
1396 2212 1785 2295 relatione
1804 2264 1828 2301 ,
1836 2209 2128 2338 quoad
2170 2213 2667 2316 intinguntur
2704 2214 3032 2304 calami,
3052 2241 3366 2296 moran-

1083 2348 1215 2408 tur
1258 2350 1631 2416 manum,
1655 2330 1763 2406 δ’(
1751 2325 2272 2429 cogitationis
2323 2324 2711 2432 impetum
2759 2325 3157 2431 frangunt,
3196 2331 3366 2406 Re-

1082 2435 1536 2547 linquendae
1603 2457 1873 2518 autem
1919 2437 2005 2514 in
2049 2435 2424 2515 utrolibet
2479 2462 2770 2543 genere
2822 2464 3088 2521 vacuae
3134 2437 3369 2518 tabel-

1082 2549 1182 2630 lae
1214 2604 1238 2641 ,
1296 2553 1383 2631 ιιι
1429 2549 1711 2678 quibus
1773 2547 2021 2630 libera
2068 2545 2480 2650 abjiciendi
2526 2547 2619 2629 fit
2661 2548 3030 2632 excursio.
3159 2556 3372 2632 Nam

1078 2665 1404 2743 interim
1450 2664 1853 2767 pigritiam
1897 2657 2373 2742 emendandi
2417 2661 2781 2769 angustiae
2835 2663 3132 2745 faciunt
3157 2719 3182 2756 ,
3242 2686 3371 2744 aut

1077 2795 1292 2853 certe
1373 2786 1774 2859 novorum
1853 2769 2442 2879 interpositione
2514 2777 2783 2881 p'riora
2856 2774 3373 2857 confundunt.

1074 2875 1203 2968 Ne
1254 2884 1452 2967 latas
1487 2881 1817 2994 quidem
1853 2883 2056 2964 ultra
2104 2882 2440 2967 modum
2480 2886 2629 2967 effe
2679 2914 2889 2970 ceras
2933 2889 3224 2981 velim,
3246 2918 3379 2971 ex-

1074 3015 1346 3105 pertus
1405 3000 1782 3098 juvenem
1859 2992 2288 3078 studiosum
2355 2997 2655 3108 alioqui
2722 3002 3165 3109 praelongos
3236 3004 3377 3084 ha-

1077 3107 1322 3192 buiffe
1375 3107 1776 3192 sermones
1832 3163 1858 3200 ,
1930 3111 2118 3217 *quia
2169 3108 2357 3192 illos
2400 3136 2743 3195 numero
2793 3114 3155 3196 versuum
3207 3143 3377 3196 me-

1082 3221 1474 3303 tiebatur:
1533 3221 1802 3331 idque
1825 3223 2153 3312 vitium,
2186 3220 2409 3330 quod
2457 3223 2845 3333 frequenti
2895 3226 3381 3311 admonitio-

1081 3359 1191 3415 ne
1237 3335 1525 3440 corrigi
1559 3358 1727 3417 non
1773 3348 2186 3443 potuerat,
2220 3338 2541 3417 mutatis
2582 3336 2979 3419 codicibus
3017 3340 3171 3421 effe
3212 3342 3377 3422 sub—

1067 3444 1361 3527 ·1atum.
1473 3447 1754 3527 Debet
1794 3472 2070 3529 vacare
2112 3449 2369 3527 etiam
2404 3449 2628 3532 locus
2653 3505 2679 3543 ,
2736 3454 2822 3530 in
2872 3479 3041 3560 quo
3086 3474 3379 3536 noten-

1065 3578 1212 3639 tur
1244 3583 1419 3665 quae
1464 3555 1965 3640 scribentibus
2008 3556 2262 3639 solent
2303 3583 2522 3642 extra
2566 3563 2974 3657 ordinem,
2996 3564 3083 3647 id
3124 3568 3247 3650 est
3288 3596 3381 3649 ex

1077 3667 1256 3749 aliis
1301 3696 1547 3777 quam
1569 3674 1726 3799 qui
1772 3660 2011 3752 sunt
1991 3698 2079 3751 ιιι
2112 3674 2480 3761 manibus
2523 3674 2725 3767 loci,
2760 3704 3197 3761 occurrere.
3277 3689 3380 3763 Ir-

1070 3804 1462 3887 rumpunt
1528 3787 1748 3863 enim
1819 3784 2107 3890 optimi
2154 3804 2734 3913 nonnunquam
2790 3789 3045 3873 sensus
3088 3842 3118 3883 ,
3173 3820 3385 3901 quos

1071 3918 1344 4002 neque
1385 3886 1750 3975 inserere
1766 3916 2087 4003 oportet
2122 3950 2149 3986 ,
2203 3924 2463 4027 neque
2513 3898 2869 3982 differre
2856 3924 3157 3986 tutum
3208 3905 3365 3986 est·

1077 4008 1265 4147 quia
1307 4008 1632 4118 interitu
1693 4008 2107 4100 elabuntur
2124 4063 2154 4105 ,
2212 4013 2534 4122 interim
2576 4018 3002 4143 memoriae
3060 4018 3189 4102 fisae
3240 4018 3380 4094 in-

3198 4153 3397 4240 §en-
