3557 5113
309 296 542 458 De
573 288 1019 501 Irgstit.
1050 293 1778 474 Oratoria„
1818 287 2111 448 Lib.
2146 282 2330 453 V.
2560 306 2807 447 269

205 619 425 702 dibilia
472 619 848 702 dixerint:
945 649 1044 701 ex
1092 618 1651 728 litigatoribus,
1704 627 1861 704 utri
1915 628 2156 731 gratia
2212 627 2456 732 magis
2483 631 2669 709 CAP·
2711 616 2877 711 Vni

207 733 565 814 valuerint.
646 738 790 814 His
832 731 1158 835 adjicere
1197 733 1423 842 fiquis
1466 735 1681 816 volet
1714 763 1805 815 ea
1846 764 2012 845 quae
2050 738 2310 820 divina
2354 761 2458 818 te-

206 843 522 925 stimonia
557 867 978 936 vocantur,
1029 875 1125 926 ex
1176 844 1544 953 responfis
1569 900 1591 935 ‚
1626 850 2004 940 oraculis,
2047 849 2456 936 ominibus,

207 955 564 1064 duplicem
600 957 779 1037 sciat
826 974 1103 1038 eorum
1146 955 1290 1036 effe
1335 959 1784 1039 trastatum:
1862 961 2308 1067 generalem
2351 963 2458 1042 al-

208 1089 463 1159 terum,
542 1072 625 1148 in
681 1096 840 1179 quo
892 1065 1101 1149 inter
1160 1073 1455 1150 Stoicos
1515 1074 1595 1149 &
1649 1072 1954 1178 Epicuri
2011 1073 2291 1153 sectam
2347 1074 2456 1154 se-

212 1202 385 1260 cutos
405 1209 663 1288 pugna
690 1204 1062 1289 perpetua
1095 1181 1229 1274 est,
1267 1204 1675 1290 regaturne
1709 1183 2195 1290 providentia
2233 1182 2459 1267 munss

209 1286 334 1369 dus.
413 1292 818 1401 specialem
862 1294 1238 1385 alterum,
1303 1316 1577 1374 contra
1624 1316 1876 1400 partes
1931 1294 2455 1381 divinationis,

209 1424 275 1480 ut
323 1431 626 1513 quaeque
682 1411 764 1484 in
822 1406 1330 1514 quaestionem
1383 1404 1606 1486 cadit.
1718 1406 1978 1486 Aliter
2023 1410 2237 1485 enim
2288 1436 2457 1489 ora-

210 1514 564 1607 culorum,
631 1518 853 1597 aliter
881 1516 1307 1623 aruspicum
1335 1571 1357 1606 ‚
1413 1544 1833 1629 augurum,
1901 1519 2457 1621 comestorum,

207 1626 897 1710 mathematicorum
944 1627 1136 1709 fides
1183 1626 1668 1718 confirmari,
1720 1649 1851 1709 aut
1895 1629 2141 1710 refelli
2175 1632 2458 1736 potest,

203 1763 355 1815 cum
391 1739 474 1819 fit
514 1769 780 1821 rerum
834 1769 1097 1821 earum
1134 1742 1332 1819 ratio
1372 1738 1684 1821 diversa.
1796 1743 2020 1821 Circa
2080 1741 2456 1841 ejusmodi
2544 1794 2547 1795 f

203 1872 472 1958 quoque
515 1852 1022 1934 instrumenta
1045 1908 1066 1943 ,
1108 1850 1498 1931 firmanda>
1520 1851 1649 1932 vel
1697 1850 2191 1943 destruenda,
2249 1853 2454 1934 mul-

201 1980 343 2039 tum
395 1963 621 2043 habet
677 1968 931 2072 operis
999 1966 1295 2053 oratic,
1344 1960 1401 2042 si
1459 1988 1631 2070 quae
1668 1961 1813 2043 fint
1866 1991 2094 2043 voces
2139 1990 2281 2070 per
2340 1970 2455 2052 vi·

197 2096 397 2163 num‚
436 2074 842 2168 somnum,
882 2074 1354 2155 dementiam
1392 2074 1708 2164 emissae,
1767 2075 1894 2155 vel
1932 2100 2255 2185 excepta
2287 2105 2454 2183 par-

195 2184 522 2265 vulorum
565 2186 805 2284 dicta3
854 2214 1050 2295 quos
1088 2213 1261 2294 pars
1315 2185 1552 2265 altera
1590 2184 1786 2264 nihil
1821 2185 2153 2293 fingere,
2213 2188 2453 2270 altera

194 2296 363 2374 nihil
398 2298 732 2397 judicare
777 2299 1070 2380 diclura
1128 2296 1257 2376 est.
1350 2304 1516 2377 Nec
1566 2318 1868 2375 tantum
1929 2296 2264 2404 praestari
2299 2299 2455 2380 hoc

191 2433 396 2510 genus
427 2410 727 2517 potest,
778 2409 909 2491 sed
950 2412 1188 2489 etiam
1220 2407 1354 2489 ubi
1388 2436 1552 2488 non
1583 2409 1731 2498 est,
1789 2404 2192 2488 desiderari
2219 2408 2452 2491 solet:

190 2528 541 2602 Pecuniam
595 2520 842 2622 dedtsti
860 2580 881 2606 ‚
946 2530 1101 2633 qut&
1147 2529 1557 2602 numeravit
1576 2527 1615 2600 ?
1691 2516 1819 2601 ubi
1841 2526 1881 2597 ἓ
1948 2518 2134 2601 unde
2152 2528 2191 2599 ἓ
2256 2536 2457 2605 Vene-

189 2662 335 2712 num
365 2641 629 2744 arguta,
662 2632 787 2715 ubi
828 2643 969 2716 emi
989 2640 1026 2712 ?
1077 2662 1126 2713 a
1168 2663 1307 2745 quo
1325 2641 1364 2713 ?
1428 2639 1741 2745 quanti?
1787 2657 1925 2743 per
1966 2661 2173 2743 quem
2231 2635 2455 2716 dedi?

190 2773 302 2852 quo
329 2748 587 2853 constio
624 2752 660 2823 ?
740 2751 932 2850 Qa:
969 2745 1128 2823 fere
1161 2749 1426 2825 omnia
1461 2772 1609 2851 pro
1642 2742 2009 2824 Cluentio
2052 2747 2329 2826 Cicero
2374 2749 2456 2827 in

189 2859 485 2936 crimine
515 2855 868 2937 veneficii
901 2857 1208 2939 excutit.
1245 2859 1432 2940 Haec
1461 2855 1562 2938 de
1592 2854 2196 2940 inartificialibus
2218 2882 2460 2966 quam

185 2964 600 3052 breviffime
655 2970 895 3076 potui.
2446 2967 2455 2980 ’

361 3229 634 3306 PARS
696 3223 930 3303 altera
959 3224 1546 3333 probationum,
1607 3251 1778 3334 quae
1825 3223 1933 3305 est
1965 3244 2126 3305 tota
2152 3230 2232 3306 in
2267 3247 2459 3309 arte,
2488 3257 2883 3341 (3141.·v*111⁸

177 3336 604 3447 constatque
655 3337 875 3416 rebus
915 3336 1011 3416 ad
1043 3335 1476 3418 faciendam
1520 3336 1762 3417 fidem
1824 3335 2183 3444 appolitis
2204 3393 2228 3426 ,
2292 3338 2458 3443 ple-

182 3472 470 3556 rumque
534 3469 683 3530 aut
736 3451 1065 3530 omnino
1105 3448 1561 3555 negligitur,
1612 3472 1742 3529 aut
1793 3447 2171 3529 levissime
2208 3453 2465 3534 ·attin-.

188 3563 365 3659 gitur
402 3564 491 3644 ab
546 3567 654 3642 iis
707 3563 838 3667 qui
878 3584 1330 3666 argumenta
1384 3561 1595 3641 velut
1662 3560 1975 3641 horrida
2028 3567 2110 3643 ὅ(
2157 3562 2463 3644 confra-.

185 3668 337 3772 goia
379 3681 722 3756 vitantes
763 3725 787 3760 ‚
857 3674 1402 3753 amoenioribus
1473 3672 1665 3753 locis
1709 3672 2104 3754 defident:
2199 3701 2454 3781 neque

185 3779 370 3861 aliter
402 3814 657 3894 quarn
717 3785 853 3888 qui
920 3783 1321 3864 traduntur
1386 3812 1428 3863 a
1491 3789 1734 3890 poetis
1794 3785 2017 3890 gustu
2064 3786 2457 3886 cujusdam

171 3895 348 3997 apud
373 3896 906 4002 Lotophagos
949 3900 1364 3999 graminis,
1419 3900 1498 3977 ὅ(
1561 3902 1916 3978 Sirenum
1980 3920 2208 3980 cantu
2262 3896 2454 3978 deli-

164 4007 322 4106 m'ti‚
362 4012 879 4124 voluptatem
909 4005 1130 4094 saluti
1162 4006 1607 4204 praettiliffse,
1657 4008 1851 4099 dum
1907 4008 2149 4096 laudis
2184 4008 2452 4138 falsam

1546 4148 1584 4231 3
2259 4144 2458 4217 lma-3
