3557 5113
836 285 1048 424 '174
1260 241 1305 410 f
1459 276 1602 384 M.
1714 261 2092 383 Pin-11
2201 279 3137 415 Qimcr‘ttmm

730 571 881 648 ,CA
905 596 967 648 r.
1009 571 1137 651 VI.
1167 559 1345 643 Alia
1394 560 1507 643 est
1546 568 1761 668 cujus
1813 563 2066 646 'verbis
2117 566 2449 648 nitimur
2475 618 2503 649 2
2560 563 2705 646 alia
2761 566 2962 663 cujus
3003 560 3371 645 voluntatet

1164 677 1350 756 alias
1391 677 1656 768 nobis,
1718 705 1906 758 cum
1958 676 2094 784 ipsi
2148 676 2453 759 nullam
2494 676 2865 758 habemus
2878 667 2916 768 ‚⁴
2941 673 3371 783 adjungimus

1156 786 1349 867 ,alias
1396 790 1603 867 inter
1658 788 1736 868 se
1781 816 2328 895 comparamus
2348 820 2372 868 :
2437 788 2618 869 alias
2669 793 2758 868 in
2801 787 3164 871 diversum
3197 792 3376 887 inter-

1158 922 1579 1007 pretamur.
1643 905 1761 981 Sic
1804 901 2215 980 nascuntur
2251 902 2420 981 haec
2463 901 2678 982 velut
2717 899 3099 987 simulacra
3147 927 3233 979 ex
3261 899 3373 979 illis

1152 1012 1442 1101 tribus,
1491 1015 1817 1091 interim
1858 1011 2272 1120 simplicia,
2325 1016 2645 1093 interim
2695 1018 2781 1094 ὅ(
2815 1016 3088 1100 mixta,
3133 1014 3373 1118 propri-

1149 1151 1293 1204 am
1344 1145 1616 1203 tamen
1677 1124 1962 1204 faciem
2013 1124 2501 1206 ostendentia
2527 1155 2564 1204 ε»
2623 1146 2713 1206 ut
2762 1125 3009 1230 {cripti
3045 1126 3121 1204 δε
3155 1120 3374 1204 volun-

1156 1238 1338 1315 tatis
1374 1291 1399 1319 -‚
1480 1261 1657 1343 -quae
1692 1233 1864 1315 sine
1919 1233 2160 1325 dubio
2221 1258 2352 1318 aut
2396 1235 2772 1346 qualitate
2821 1258 2954 1316 aut
3012 1236 3374 1336 conjectura

1157 1350 1704 1428 cont‘menturx
1764 1354 1849 1430 ὅ(
1885 1346 2408 1455 syllogismus,
2461 1351 2595 1456 qui
2641 1349 2757 1428 est
2809 1350 3137 1428 maxime
3184 1345 3369 1454 quali-

1154 1461 1371 1540 tatist
1461 1462 1549 1540 &
1610 1459 1800 1567 legis
1855 1464 2265 1540 contrariae
2300 1518 2328 1552 ,
2387 1487 2564 1569 quae
2619 1459 2892 1553 iisdem
2937 1457 3194 1568 quibus
3243 1455 3370 1536 scri-

1148 1593 1382 1680 ptum
1419 1575 1500 1652 δε
1547 1573 1949 1662 voluntas,
2003 1571 2346 1653 constat:
2423 1578 2507 1655 &
2542 1571 3002 1674 ἅμφιβαλῶι,
3046 1598 3198 1678 quae
3229 1567 3374 1647 sem-

1145 1710 1294 1790 per
1335 1684 1771 1787 conjestura
1807 1682 2262 1788 explicatur.
2437 1679 2716 1765 Finitio
2765 1701 3087 1793 quoque·
3136 1683 3376 1787 utrique

1136 1799 1415 1900 ,generi
1440 1850 1461 1884 ,
1527 1793 1898 1902 quodque
1953 1822 2215 1874 rerum
2255 1794 2626 1906 quodque
2668 1797 2930 1904 scripti
2971 1791 3375 1897 contempla·

1152 1909 1368 1984 tione
1413 1905 1715 1985 constat
1735 1961 1758 1995 ‚
1799 1911 2250 1987 communis
2291 1906 2426 1986 est.
2521 1914 2710 1989 Haec
2750 1912 3014 1989 omnia
3041 1899 3296 1987 etiamsi
3318 1902 3377 1981 in

1154 2015 1336 2096 illos
1391 2039 1546 2098 tres
1593 2017 1827 2098 status
1870 2022 2193 2099 veniunt
2225 2075 2253 2104 ‚
2322 2041 2586 2100 tamen
2643 2024 2828 2128 quia
2891 2031 3030 2117 (ut
3064 2017 3248 2112 dixi)
3282 2014 3377 2092 ha·

1149 2128 1340 2209 bent
1388 2127 1687 2237 aliquid
1733 2129 1953 2211 velut
2004 2134 2457 2238 proprium,
2514 2130 2885 2216 videntur
2923 2127 3378 2213 demonstran·

1136 2239 1251 2321 da
1281 2238 1784 2322 discentibus:
1853 2249 1931 2324 ὃ(
1966 2243 2589 2349 permittendum
2631 2273 2724 2323 ca
2754 2245 3011 2325 dicere
3050 2241 3168 2325 vel
3203 2237 3379 2319 status

1147 2351 1480 2458 legales,
1531 2352 2143 2462 vel-quaestiones
2167 2409 2189 2444 ,
2243 2354 2369 2436 vel
2407 2359 2669 2462 capita
2709 2356 3066 2465 quaedam
3101 2357 3377 2433 minora:

1136 2461 1349 2544 dum
1394 2463 1671 2559 sciant,
1716 2466 1916 2546 nihil
1947 2494 2047 2546 ne
2085 2470 2168 2546 in
2218 2465 2340 2546 his
2365 2465 2722 2576 quidem
2759 2491 3040 2578 pneter
3082 2468 3218 2545 tria
3248 2483 3379 2570 quae

1132 2575 1651 2683 -praediximus
1678 2634 1707 2669 ‚
1756 2582 2017 2687 quaeri.
2106 2584 2220 2659 At
2273 2600 2657 2687 quantum
2691 2637 2716 2673 ,
2783 2587 2867 2664 &
2932 2607 3159 2690 quam
3225 2570 3378 2655 mul·

1145 2710 1321 2769 turn
1354 2744 1385 2778 ⁴,
1442 2694 1531 2770 «δε
1590 2688 1688 2769 ad
1738 2688 2033 2798 aliquid
2071 2746 2100 2781 ‚
2163 2696 2244 2772 &
2310 2701 2448 2787 (ut
2521 2694 2890 2776 nonnulli
2937 2692 3378 2802 putaverunt)

1146 2805 1721 2906 comparativus
1744 2856 1766 2892 ‚
1823 2830 1987 2881 non
2046 2801 2377 2882 candem
2433 2808 2825 2886 rationem
2870 2806 3163 2886 babent.
3241 2804 3383 2880 Sunt

1144 2917 1362 2991 euim
1408 2912 1572 2993 haec
1614 2939 1784 2991 non
1820 2910 1917 2994 ad
1957 2916 2413 2996 varietatem
2460 2917 2645 3017 juris
2664 2972 2693 3007 ‚
2747 2916 2880 3000 sed
2909 2916 3010 2997 ad
3052 2914 3270 2996 solam
3301 2934 3384 2985 ra·

1142 3025 1443 3103 tionem
1494 3023 1942 3105 referenda:
2009 3023 2344 3134 ideoque
2387 3025 2691 3134 semper
2726 3032 2812 3111 in
2843 3052 3061 3138 parte
3098 3047 3217 3108 aut
3245 3044 3385 3102 con-

1134 3136 1446 3241 jesturae
1487 3157 1620 3216 aut
1679 3137 2070 3245 qualitatis
2115 3137 2482 3245 ponenda
2525 3139 2744 3231 sunt,
2807 3165 2897 3224 ut
2947 3169 3096 3249 qua
3132 3153 3385 3217 mente,

1134 3251 1222 3328 &
1270 3275 1437 3357 quo
1477 3272 1878 3356 tempore,
1929 3254 2008 3331 δε
2041 3276 2207 3358 quo
2255 3249 2459 3332 loco,
2538 3251 2685 3334 Sed
2738 3251 2840 3336 de
2876 3251 3181 3361 singulis
3231 3245 3391 3326 dice-

1138 3386 1317 3438 mus
1366 3360 1947 3468 quaestionibus‚
2007 3390 2192 3442 cum
2243 3365 2565 3445 tractare
2617 3389 3008 3473 praecepta
3055 3354 3390 3444 divisionis

1135 3476 1625 3576 coeperimus.
1761 3477 1941 3552 Hoc
1973 3477 2203 3554 inter
2271 3503 2549 3556 ornnes
2601 3483 2977 3560 convenit
3000 3534 3024 3568 ‚
3082 3479 3162 3555 in
3210 3462 3397 3552 caus1⁵

1135 3579 1609 3687 simplicibus
1664 3580 2004 3689 singulos
2069 3586 2297 3668 [θεῖα-ε
2359 3586 2505 3668 είῖἒ
2580 3590 3035 3672 causarum:
3098 3580 3399 3695 quaestio·

1134 3719 1338 3771 num
1390 3713 1652 3772 autem
1676 3749 1701 3785 ,
1746 3722 1920 3802 quae
1962 3697 2183 3778 velut
2231 3698 2695 3803 subjacentes
2736 3701 2840 3782 ad·
2894 3698 3089 3782 illud
3137 3722 3286 3806 quo
3312 3696 3399 3792 lu‘

1134 3801 1434 3884 dicium
1461 3808 1944 3893 continetur,
1987 3809 2466 3902 refcruntur,
2528 3810 2719 3920 saepe
2756 3819 2842 3894 in
2878 3840 3134 3894 unam
3171 3803 3399 3890 cadere

1134 3914 1398 4026 plures
1437 3916 1665 4023 posse.
1770 3904 2033 3998 *Etiam
2088 3919 2326 4002 credo
2389 3923 2805 4031 aliquando
2847 3924 3229 4011 dubitari,
3270 3936 3401 4025 (1¹¹⁰

1131 4026 1339 4111 statu
1375 4028 1468 4111 sit
1510 3988 1904 4112 medium
1922 4088 1946 4118 .
1991 4059 2174 4114 cum
2215 4033 2571 4120 adversus
2621 4038 3401 4220 unam.intenti0111em

3215 4171 3264 4251 p
3294 4159 3397 4217 um
