3557 5113
742 202 930 377 64
1220 202 1475 336 ’ML
1569 220 1933 333 Fiss'u
2048 216 3043 358 QiNcnmANt
3119 222 3142 229 “

622 527 754 621 CfA
781 549 844 621 ¹?-
900 524 1003 625 Χ,
1031 543 1281 625 quem
1326 514 1874 597 Prodamus&
1916 510 2258 599 musicen
2292 517 2372 593 ὅ(
2428 511 2684 592 literas
2728 510 2998 603 docet,
3039 511 3117 589 &
3159 506 3324 585 Ma··‘

1035 658 1227 712 neas
1251 687 1273 721 ‚
1338 632 1473 738 qui
1519 627 1629 707 est
1680 624 2175 733 Hyperbolus
2199 681 2219 715 ,
2281 624 2476 715 nihil
2523 624 2599 703 se
2652 650 2752 704 ex
2800 619 3084 702 mufice
3140 617 3318 701 scire

1034 741 1174 835 nifi
1223 741 1478 822 literas
1516 738 1956 821 confitetur.
2020 736 2574 844 Aristophanes
2628 760 2944 843 quoque
2978 759 3142 812 non
3168 756 3325 810 uno

1036 854 1240 937 libro
1290 852 1393 934 fic
1434 851 1724 935 institui
1752 876 2037 956 pueros
2073 850 2495 956 antiquitus
2531 846 2796 928 solitos
2830 844 2976 926 effe
3010 842 3330 941 demon,

1037 966 1221 1051 strat
1265 998 1282 1044 :
1351 971 1432 1054 ὃς
1506 962 1711 1070 apud
1768 958 2291 1041 Menandrum
2347 964 2430 1039 in
2491 958 2981 1073 Hypobolimaeo
3045 954 3265 1035 senex
3305 985 3332 1039 ῑ

1035 1077 1468 1183 reposcenti
1528 1074 1782 1155 filium
1855 1075 2055 1179 patri
2128 1070 2344 1155 velut
2430 1076 2816 1154 rationem
2906 1062 3334 1174 impendio-

1035 1218 1216 1271 rum
1253 1217 1425 1297 quae
1486 1191 1568 1266 in
1611 1184 2155 1266 educationem
2194 1183 2653 1274 contulerit,
2705 1207 3134 1289 exponens,
3159 1173 3335 1284 psal-

1037 1305 1133 1382 tis
1188 1301 1261 1379 se
1316 1307 1395 1381 ὅ(
1447 1299 1870 1404 geometris
1917 1295 2164 1375 multa
2212 1294 2398 1382 dicit
2446 1291 2750 1379 dediffe.
2845 1288 3076 1376 Unde
3113 1291 3337 1369 etiam

1039 1411 1170 1492 ille
1232 1441 1407 1493 mos
1441 1466 1465 1503 ‚
1530 1434 1615 1497 ut
1667 1413 1750 1488 in
1797 1410 2169 1509 convivijs
2224 1406 2399 1513 post
2449 1434 2754 1515 coenam
2816 1401 3343 1484 circumferre-—

1042 1546 1173 1605 tur
1219 1523 1427 1630 lyra:
1494 1526 1706 1625 cujus
1743 1549 1926 1601 eum
1970 1519 2041 1598 se
2076 1522 2528 1625 imperitum
2573 1513 3145 1599 Themistocles
3177 1537 3348 1591 con—

1040 1634 1260 1717 fessus
1304 1635 1525 1724 esset,
1581 1656 1670 1720 ut
1730 1632 1983 1713 verbis
2032 1634 2432 1713 Ciceronis
2488 1651 2706 1719 utar,
2768 1625 3068 1708 babitus
3112 1624 3204 1733 ψ
3241 1635 3349 1702 in-

1039 1747 1323 1826 aomar.
1348 1744 1509 1826 Sed·
1537 1766 1892 1826 veterum
1926 1769 2239 1848 quoque
2280 1748 2842 1822 Romanorum
2877 1736 3138 1847 epulis
3166 1733 3352 1819 fides

1040 1884 1128 1934 ac
1187 1858 1402 1937 tibias
1468 1854 1831 1936 adhibere
1912 1857 2153 1933 moris
2207 1850 2374 1934 fuit.
2519 1852 2806 1933 Verfiis
2866 1877 3190 1960 quoque
3233 1852 3353 1926 Sa.—

1037 1966 1331 2049 liorum
1380 1967 1663 2050 habent
1722 1993 2060 2056 carmen.
2141 1942 2345 2069 Qa:
2393 1992 2580 2043 cum
2607 1967 2886 2044 omnia
2938 1963 3089 2044 sint
3124 1990 3167 2041 a
3199 1965 3353 2039 Nu·

1040 2107 1175 2160 ma
1219 2106 1403 2187 rege
1440 2079 1828 2170 instituta,
1884 2076 2170 2158 faciunt
2230 2076 2719 2157 manifestum
2744 2134 2766 2171 ‚
2838 2105 2946 2157 ne
3011 2074 3163 2155 illis
3195 2072 3352 2181 qui-

1044 2189 1231 2279 dem
1277 2194 1411 2298 qui
1472 2189 1701 2272 rudes
1771 2217 1860 2270 ac
1920 2187 2261 2287 bellicosi
2317 2187 2680 2271 videntur
2708 2245 2732 2281 ‚
2796 2216 3092 2271 curam
3140 2181 3358 2265 must-

1040 2329 1210 2390 ces,
1276 2324 1655 2410 quantum
1706 2300 1839 2381 ill-a
1907 2301 2319 2408 recipiebat
2369 2322 2548 2381 aetas
2582 2357 2604 2391 ‚
2668 2299 3024 2381 defuiss‘e.
3129 2297 3358 2379 Deni-

1042 2440 1193 2521 que
1239 2418 1318 2493 in
1365 2414 1874 2519 proverbium
1914 2411 2148 2520 usque
2204 2417 2662 2493 Graecorum
2700 2410 3201 2494 celebratum
3229 2406 3359 2498 est,

1045 2525 1367 2610 Indoaos
1417 2553 1465 2607 a
1522 2525 1735 2635 Musis
1785 2548 2002 2636 atque
2052 2532 2313 2605 Gratiis·
2359 2522 2590 2632 abeffi.
2681 2529 3007 2607 Verum
3036 2518 3229 2634 quid
3267 2525 3362 2600 eit

1045 2664 1134 2718 ea
1183 2641 1497 2743 proprie
1561 2658 1775 2744 petat
1831 2637 2133 2716 futurus
2192 2659 2504 2727 orator,
2568 2635 3063 2719 differamus.
3207 2641 3366 2716 Nu·-

1046 2775 1307 2828 meros
1362 2746 1647 2828 mufice
1689 2747 2034 2854 duplices
2083 2748 2355 2839 habet,
2410 2753 2495 2827 in
2534 2749 2906 2841 vocibus,
2960 2757 3045 2831 &
3084 2753 3168 2828 in
3204 2774 3365 2827 cor-

1047 2886 1262 2964 pore,
1355 2858 1746 2967 utriusque
1790 2862 2002 2937 enim
2061 2862 2174 2937 rei
2227 2882 2449 2965 aptus
2509 2859 2838 2966 quidam
2900 2860 3196 2947 modus
3251 2856 3372 2940 de·

1047 2968 1441 3052 fideratur.
1533 2973 1772 3052 Vocis
1844 2973 2236 3068 rationem
2294 2969 2802 3053 Aristoxenus
2868 2974 3219 3058 mufieus
3267 2968 3370 3048 di-

1047 3080 1245 3164 vidit
1296 3085 1381 3161 in
1448 3079 1731 3181 ρύθμον,
1785 3087 1865 3163 ὅ(
1905 3083 2161 3180 aa&
2210 3079 2567 3193 ἔμμετρον·
2623 3111 2989 3194 quorum
3041 3086 3372 3172 alterum

1048 3190 1585 3276 modulatione
1623 3251 1648 3286 ,
1710 3194 2046 3276 alterum
2091 3222 2370 3275 canore
2411 3224 2498 3275 ae
2538 3195 2740 3278 sonis
2772 3200 3116 3281 constat.
3157 3204 3376 3276 Num

1052 3308 1291 3408 igitur
1336 3334 1499 3386 non
1552 3307 1715 3389 haec
1780 3310 2048 3387 omnia
2121 3312 2416 3389 oratori
2472 3307 2880 3390 necessaria
2922 3314 2947 3392 ἓ
3033 3333 3372 3421 quorum

1050 3441 1300 3496 unum
1340 3416 1438 3496 ad
1478 3416 1821 3522 gestum,
1876 3418 2209 3497 alterum
2271 3418 2370 3500 ad
2424 3419 3055 3503 collocationem
3109 3420 3383 3506 verbo-

943 3539 977 3582 ·
1047 3531 1272 3617 rum,
1337 3533 1657 3610 tertium
1707 3527 1805 3607 ad
1868 3528 2114 3609 flexus
2163 3533 2375 3609 vocis
2406 3586 2431 3621 ‚
2507 3536 2642 3639 qui
2696 3531 2875 3614 sunt
2921 3537 3015 3628 in
3071 3530 3382 3642 agendo

1045 3662 1370 3744 quoque
1418 3639 1738 3745 plurimi
1765 3695 1792 3731 2
1852 3644 2211 3746 pertinet.
2301 3637 2464 3720 Nisi
2508 3642 2707 3722 forte
2751 3647 2836 3725 in
2891 3646 3389 3728 carminibus

1061 3767 1367 3831 tantum
1404 3757 1484 3833 ὅ(
1537 3755 1617 3832 in
1682 3754 1995 3838 canticis
2048 3755 2385 3860 exigitur
2424 3753 2799 3840 structura
2856 3757 3252 3864 quaedam
3307 3760 3392 3840 ὃ(

1050 3856 1422 3945 inoffensa
1480 3861 1874 3972 copulatio
1951 3892 2239 3950 vocum
2274 3920 2301 3960 ‚
2387 3870 2471 3947 in
2516 3867 2819 3973 agendo
2893 3867 3398 3979 supervacua

1043 3970 1202 4072 est:
1267 3996 1399 4063 aut
1460 4002 1627 4084 non
1673 3975 2139 4087 compositio
2204 3982 2288 4065 ὅ(
2337 3977 2582 4091 sonus⁸
2614 3982 2699 4066 in
2758 3984 3148 4069 oratione
3208 4009 3418 4096 quo-

1418 4117 1421 4120 ’
3238 4120 3406 4206 que
