3557 5113
698 231 914 351 732
1335 201 1941 307 MFAnn.
2010 201 3037 334 QiucrinAm

642 498 983 578 Cimvl.
1058 481 1258 571 mihi
1297 484 1611 569 videtur
1641 481 1970 593 'quidam
2028 483 2443 573 tenendus,
2482 505 2563 564 ut
2602 508 2856 591 neque
2904 509 3345 589 praepropv

1058 631 1144 683 re
1188 601 1683 706 distringatur
1716 601 2135 675 immatura
2185 595 2395 676 frons
2423 653 2443 679 ‚
2495 601 2574 677 ὅ(
2598 594 2981 703 quicquid
3012 596 3134 675 est
3171 594 3345 677 illud

1057 714 1311 796 adhuc
1374 712 1736 792 acerbum
1782 766 1804 800 ,
1897 708 2358 814 proferatur.
2431 715 2639 789 Nam
2660 708 2844 787 inde
2886 714 2971 788 &
2995 731 3347 788 contern-

927 823 936 832 ’
1059 851 1179 908 tus
1220 829 1476 932 operis
1511 822 1844 901 nascitur
1882 877 1906 911 ,
1987 826 2066 901 ὅ(
2110 821 2608 901 fundamenta
2651 826 3038 921 jaciuntur
3107 826 3348 928 impu·

1057 938 1337 1020 dentiae
1367 992 1389 1027 ,
1448 941 1525 1016 δε
1575 933 1837 1042 (quod
1875 933 1985 1013 est
2020 933 2302 1040 ubique
2342 931 3071 1039 perniciofiffimum
3103 945 3133 1029 )
3175 963 3341 1040 prae·

1060 1054 1275 1136 venit
1316 1052 1512 1131 vires
1555 1045 1858 1126 fiducia.
1950 1051 2117 1124 Nec
2175 1045 2425 1126 rursus
2477 1043 2998 1124 differendum
3058 1046 3183 1125 est
3241 1072 3338 1152 ty-

1052 1166 1443 1245 rocinium
1484 1164 1562 1239 in
1598 1160 2092 1239 senestutem.
2231 1164 2439 1237 Nam
2479 1155 2831 1265 quotidie
2882 1183 3157 1238 metus
3196 1188 3331 1239 cre-

1052 1277 1237 1366 scit,
1281 1271 1676 1381 majusque
1719 1270 1809 1350 fit
1858 1269 2157 1377 semper
2193 1269 2406 1378 quod
2453 1269 2695 1349 ausuri
2721 1268 3012 1349 sumus:
3064 1271 3335 1352 &dum

1055 1389 1571 1470 deliberamus
1634 1383 1951 1492 quando
1992 1387 2222 1488 incip'
2279 1381 2524 1462 ndum
2576 1380 2667 1460 fit
2710 1436 2736 1473 ,
2790 1385 3149 1488 incipere
3196 1390 3335 1485 jam

1060 1502 1318 1582 serum
1365 1499 1492 1578 est.
1586 1503 1847 1590 Quare
1895 1411 2275 1797 frufiff
2274 1494 2698 1575 studiorum
2740 1493 3083 1576 viridem
3110 1502 3187 1578 ὅ(
3221 1495 3337 1576 ad·

1062 1615 1218 1694 huc
1254 1611 1565 1692 dulcem
1602 1610 1865 1715 promi
1885 1605 2070 1685 dece
2250 1636 2380 1687 um
2426 1613 2505 1688 δε
2548 1607 2771 1688 venia
2798 1612 2877 1687 δι
2904 1609 3075 1712 spes
3116 1611 3332 1699 est‚&

915 1721 924 1728 ’
1057 1750 1371 1834 paratus
1403 1724 1620 1804 favor
1649 1777 1671 1811 ‚
1732 1726 1812 1800 &
1846 1717 2081 1798 auder
2171 1747 2332 1799 non
2375 1717 2697 1798 dedecet
2729 1748 2749 1794 ε
2802 1724 2882 1800 ὅ(
2911 1719 2967 1799 sl
3004 1721 3192 1827 quid
3216 1720 3329 1800 de-

1057 1838 1149 1918 fit
1182 1839 1441 1942 operi,
1510 1831 1806 1937 supplet
1842 1853 2087 1946 atas:
2154 1837 2233 1912 ὃ(
2284 1830 2496 1939 fiqua
2536 1831 2711 1909 sunt
2748 1828 2941 1911 diCta
2980 1834 3324 1928 juvenili-

1057 1970 1224 2041 ter,
1273 1974 1418 2054 pro
1464 1942 1731 2024 indole
1768 1945 2246 2050 accipiuntur
2294 1973 2314 2022 ε
2388 1965 2474 2021 ut
2515 1965 2724 2023 totus
2772 1942 2895 2024 ille
2939 1946 3307 2023 Ciceronis

1051 2088 1203 2170 pro
1241 2067 1476 2141 Sexto
1513 2055 1804 2137 Roscio
1863 2055 2078 2135 locus
2116 2091 2165 2145 ‚·
2236 2055 2460 2162 ,Qid
2503 2063 2696 2135 enim
2732 2080 2889 2136 tam
2940 2087 3313 2140 emmane.

1048 2203 1268 2288 quam
1289 2177 1595 2284 spiritus
1634 2176 1825 2249 vim&
1859 2223 1882 2259 ‚
1946 2193 2142 2249 terra
2172 2176 2465 2249 mortuis
2499 2225 2523 2254 ,
2562 2197 2764 2248 mare
2787 2169 3328 2277 flaeHuaentibns,

1050 2295 1261 2372 littus
1300 2290 1523 2396 ejec‘lis
1576 2283 1599 2363 ἒ
1685 2288 1879 2375 Quae
1917 2309 2101 2361 cum
2145 2281 2273 2360 sex
2315 2287 2394 2361 &
2453 2284 2734 2388 viginti
2789 2305 3013 2364 natus
3058 2311 3326 2374 annos,

1057 2401 1375 2482 summis
1435 2393 1913 2477 audientium
1959 2393 2427 2473 clamoribus
2471 2391 2756 2474 dixerit
2809 2450 2834 2486 ‚
2894 2394 3329 2477 deferbuisse

1053 2537 1412 2621 tempore
1460 2566 1481 2603 ‚
1552 2513 1632 2591 ὅ(
1673 2509 1890 2589 annis
1949 2505 2238 2615 liquata
2283 2507 2438 2608 jam
2478 2504 2731 2588 senior
2781 2508 2999 2592 idem
3040 2511 3331 2591 fatetur.

1057 2633 1151 2707 Et
1187 2623 1448 2705 hercle
1487 2621 2059 2729 quantumlibet
2089 2626 2375 2700 leci-eta
2418 2619 2661 2701 studia
2702 2623 3212 2715 contulerint,
3233 2622 3331 2701 est

1057 2758 1324 2817 tamen
1364 2737 1721 2840 proprius
1769 2730 2093 2839 qnidam
2143 2731 2298 2811 fori
2339 2734 2725 2837 profectus
2762 2765 2783 2813 :
2849 2736 3000 2815 alia
3042 2736 3223 2823 lux,
3260 2764 3330 2814 a·

1052 2848 1158 2929 lia
1194 2849 1360 2930 veri
1392 2842 1852 2926 discriminis
1889 2842 2118 2922 facies
2159 2874 2176 2922 ε
2247 2842 2568 2953 plusque
2604 2900 2628 2937 ,
2685 2845 2743 2926 fi
2777 2847 3125 2954 separes,
3170 2848 3324 2930 usus

1054 2960 1213 3043 sine
1242 2958 1591 3039 dostrina
1613 3012 1633 3040 ,
1656 2981 1893 3063 quam
1931 2957 2124 3035 citra
2168 2955 2391 3036 usum
2425 2955 2775 3040 doCtrina
2807 2960 3087 3043 valeat.
3128 2961 3319 3042 ideo-

1057 3103 1209 3185 que
1258 3066 1614 3169 nonnulli
1669 3066 1883 3149 senes
1924 3070 2006 3146 in
2058 3065 2258 3148 scola
2294 3068 2472 3151 faeti
2509 3126 2535 3163 ,
2606 3070 2914 3179 stupent
2988 3079 3331 3156 novitate

1045 3214 1229 3268 cum
1269 3189 1351 3264 in
1392 3181 2112 3286 judicia'venerunt
2150 3235 2176 3272 ,
2239 3185 2319 3262 ὃς
2359 3187 2627 3264 omnia
2671 3183 2813 3264 suis
2846 3192 3333 3268 exercitatio-

1039 3299 1262 3380 nibus
1303 3293 1576 3381 fimilia
1627 3289 2082 3374 desiderant.
2173 3297 2284 3373 At
2324 3293 2487 3375 illic
2525 3301 2607 3377 &
2650 3296 2878 3392 iudex
2921 3320 3134 3381 tacet
3168 3356 3194 3393 ‚
3257 3306 3333 3382 ὅ(

1035 3408 1502 3494 adversarius
1547 3403 1925 3512 obstrepit
1953 3458 1977 3495 ,
2035 3410 2119 3486 &-
2148 3405 2343 3485 nihil
2384 3429 2681 3490 temere
2725 3407 3018 3493 dicium
3082 3419 3331 3520 perit:

1037 3527 1118 3605 ὅ(
1160 3516 1407 3629 siquid
1465 3519 1604 3600 tibi
1639 3516 1815 3624 ipse·
1851 3518 2137 3603 sumas,
2162 3519 2650 3625 probandum
2685 3523 2798 3604 est
2833 3556 2852 3604 ε
2911 3529 2991 3605 &
3022 3524 3332 3607 labora·

1036 3656 1199 3716 tam
1237 3631 1837 3739 congestamque
1878 3628 2186 3712 dierum
2241 3660 2330 3712 ac
2376 3634 2732 3715 nostium
2789 3635 3047 3716 studio
3088 3641 3331 3721 astio-

1035 3774 1268 3830 nem,
1310 3771 1507 3853 aqua
1540 3741 1863 3824 deficit:
1930 3748 2016 3826 &
2063 3742 2340 3824 omiffo
2398 3773 2676 3853 magna
2713 3751 3017 3855 Iemper
3083 3751 3329 3831 flandi

1039 3883 1344 3942 tumore
1359 3896 1397 3952 ·-‚
1473 3851 2047 3962 in‘quibusdam
2092 3854 2321 3938 causss
2373 3856 2860 3968 loquendum
2896 3861 3011 3942 est
3038 3861 3321 3973 :quod

1029 3973 1144 4058 illi
1191 3970 1458 4057 disertii
1481 3968 1817 4056 minime
1841 3966 2163 4055 'scium-.-
2209 3974 2932 4081 ltaque-nonnullos
2951 3979 3299 4087 repertis·
