3557 5113
743 251 980 365 262
1350 243 1504 344 M,
1606 243 1976 360 ‚Fami
2078 241 3089 369 ·Qu1Nc'r1L1AN1

601 601 607 607 ,
666 539 854 614 Cap,
925 539 1167 618 V1,ac
1213 523 1432 602 facile
1463 522 1764 610 credat,
1822 518 2241 601 ostendere.
2358 529 2466 602 At
2500 527 2559 601 is
2607 529 2741 630 qui
2791 526 3086 613 defert,
3138 548 3343 629 agere

1078 634 1423 714 modeste
1483 634 1790 714 videtur
1842 662 2021 712 cum
2073 634 2239 734 ‘litis
2296 634 2806 716 adverlarium
2864 635 3195 737 judicem
3249 639 3347 716 fa-

967 764 974 767 ’
1077 751 1272 837 ciat,
1326 753 1404 827 &
1466 773 1649 824 eum
1707 749 1919 847 cujus
1971 749 2319 849 cognitio
2369 746 2515 835 est,
2573 774 2811 827 onere
2845 749 3162 835 liberet,
3224 754 3345 854 qui

1076 858 1429 964 profesto
1456 857 1709 935 alieno
1742 855 2232 959 jurejurando
2268 855 2443 935 stari
2474 883 2710 963 quam
2742 856 2878 937 suo
2912 860 3152 938 malit.
3179 865 3347 961 Qo

1071 968 1465 1047 diffieilior
1517 966 1890 1045 recusatio
1950 966 2097 1055 est,
2170 965 2306 1043 nisi
2356 969 2557 1047 forte
2612 997 2731 1047 res
2785 969 2895 1048 est
2946 1000 3076 1061 ea,
3127 999 3345 1078 quam

1068 1079 1431 1158 credibile
1467 1076 1557 1156 fit
1610 1100 1878 1156 notam
1932 1076 2067 1183 ipsi
2134 1105 2296 1155 non
2342 1079 2505 1158 effe.
2624 1086 2815 1180 Qiae
2867 1083 3245 1161 excusatio
3296 1085 3347 1161 fi

1064 1188 1310 1268 deerit
1333 1248 1353 1279 ,
1393 1191 1544 1268 hoc
1574 1217 1819 1267 unum
1863 1190 2375 1295 relinquetur,
2424 1212 2510 1269 ut
2548 1191 2920 1272 invidiam
2954 1194 3087 1273 fibi
3121 1203 3343 1302 quatri

1060 1301 1153 1378 ab
1195 1299 1621 1381 adversario
1659 1300 1903 1389 dicat,
1952 1320 2178 1407 atque
2224 1298 2304 1378 id
2367 1305 2537 1406 agi,
2578 1300 2663 1381 ut
2709 1304 2789 1382 in
2848 1306 3061 1384 causa
3098 1309 3177 1387 in
3206 1334 3344 1413 qua

1063 1414 1373 1490 vincere
1414 1438 1575 1489 non
1616 1411 1866 1517 potest
1889 1467 1916 1499 ‚.
1986 1415 2204 1516 queri
2269 1412 2514 1515 possit.
2629 1413 2887 1520 ltaque
2954 1418 3345 1496 hominem

1062 1518 1381 1627 quidem
1424 1522 1721 1611 malum
1767 1542 2327 1625 occupaturum
2373 1523 2569 1602 hanc
2610 1527 3144 1606 conditionem
3186 1530 3346 1608 fu'uL

1063 1638 1138 1707 ie
1166 1686 1188 1719 ,
1231 1631 1303 1709 se
1337 1655 1598 1709 autem
1647 1632 1973 1734 probare
2022 1631 2256 1709 malle
2292 1657 2470 1738 quae
2520 1635 2903 1727 affirmet,
2949 1666 3183 1746 quam
3217 1641 3345 1720 du-

1064 1739 1283 1818 bium
1349 1744 1708 1847 cuiquam
1758 1740 2233 1847 relinquere,
2306 1772 2399 1820 an
2451 1750 2824 1849 pejerarit.
2938 1750 3085 1830 Sed
3132 1754 3343 1831 nobis

1065 1848 1662 1929 adolescentibus
1699 1849 2030 1929 seniores
2071 1855 2147 1928 in
2195 1854 2501 1956 agendo
2548 1858 2721 1935 faeti
2774 1868 3187 1968 praecipere
3238 1864 3347 1944 so-

1065 1960 1324 2039 lebant
1349 2016 1372 2044 ,
1449 1988 1548 2038 ne
1610 1988 1956 2067 unquam
2012 1963 2537 2062 jusjurandum
2593 1963 3105 2053 deferremus:
3169 1974 3345 2056 ficut

1069 2095 1322 2177 neque
1357 2073 1578 2176 optio
1607 2070 1874 2173 judicis
1902 2070 2329 2151 adversario
2368 2074 2547 2154 ess‘et
2606 2084 3159 2182 permittenda:
3210 2115 3343 2166 nec

1072 2208 1170 2260 ex
1206 2180 1592 2263 advocatis
1630 2186 1862 2286 partis
1895 2180 2220 2263 adversa:
2264 2184 2493 2279 judex
2538 2188 2951 2293 eligendus.
3049 2202 3256 2275 Nam
3290 2197 3336 2276 si

1070 2289 1746 2372 dicerefcontraria
1791 2315 2014 2397 turpe
2044 2290 2424 2373 advocato
2461 2297 2891 2393 videretur,
2943 2319 3150 2388 certe
3198 2331 3349 2388 tur·

1068 2406 1238 2506 pius
1272 2401 1713 2482 habendum
1738 2458 1761 2492 ‚
1822 2404 2072 2482 facere
2111 2405 2328 2511 quod
2366 2431 2663 2489 noceat:

657 2654 772 2729 CA
796 2676 857 2727 r.
880 2649 1042 2728 Vn.
1271 2658 1760 2740 MAXIMUS
1822 2674 2083 2736 tamen
2137 2660 2479 2764 patronis
2519 2660 2719 2743 cirea
2763 2661 3203 2751 testimonia
3241 2674 3347 2754 su-

1062 2758 1215 2843 dor
1269 2764 1396 2844 est.
1491 2772 1592 2845 Ea
1640 2764 1997 2846 dicuntur
2034 2790 2163 2848 aut
2203 2798 2341 2875 per
2377 2771 2707 2864 tabulaS,
2773 2800 2902 2857 aut
2944 2803 2986 2857 a
3034 2785 3344 2885 praesen.

1066 2875 1290 2954 tibus.
1391 2875 1832 2982 Simplicior
1893 2899 2159 2957 contra
2217 2880 2503 2961 tabulas
2560 2910 2835 2992 pugna.
3010 2898 3218 2974 Nam
3274 2902 3344 2976 &

1066 2987 1320 3065 minus
1364 2985 1722 3068 obstitisse
1771 2986 2074 3067 videtur
2125 2986 2379 3094 pudor
2425 2996 2626 3074 inter
2683 3023 2964 3103 paucos
3019 3002 3341 3109 lignato-

1065 3125 1230 3186 res,
1293 3102 1374 3177 &
1422 3124 1570 3204 pro
1603 3095 2036 3214 diffidentia
2092 3106 2471 3205 premitur
2513 3107 2861 3190 absentia.
2959 3118 3033 3191 Si
3090 3144 3345 3223 repre-

1062 3206 1514 3290 hensionem
1554 3235 1719 3290 non
1778 3214 1979 3317 capit
2036 3211 2189 3315 ipsa
2248 3212 2606 3319 persona,
2679 3223 3045 3302 infamare
3105 3226 3346 3335 figna-

1063 3341 1270 3398 tores
1326 3319 1526 3398 licet.
1657 3324 1927 3400 Tacita
1980 3346 2344 3428 praeterea
2413 3327 2741 3436 quadam
2796 3331 3345 3439 significatione

1063 3430 1493 3542 refragatur
1537 3430 1655 3510 his
1701 3429 2099 3518 omnibus,
2164 3436 2379 3542 quod
2416 3467 2653 3519 nemo
2688 3469 2828 3547 per
2868 3446 3161 3529 tabulas
3220 3451 3347 3531 dat

1065 3540 1597 3619 testimonium
1655 3539 1795 3619 nisi
1848 3541 1972 3623 sua
2008 3542 2443 3628 voluntate:
2557 3579 2717 3658 quo
2761 3555 2922 3660 ipso
2990 3586 3159 3638 non
3206 3563 3345 3642 effe

1058 3651 1399 3760 amicum
1452 3655 1525 3728 ei
1568 3650 1640 3728 se
1683 3675 1952 3733 contra
1991 3683 2229 3763 quem
2264 3656 2489 3751 dicit,
2532 3662 2827 3745 fatetur.
2921 3674 3203 3776 Neque
3248 3699 3349 3752 ta-

1061 3784 1248 3836 men
1295 3765 1642 3864 protinus
1692 3763 1984 3846 cesserit
2043 3790 2342 3861 orator,
2409 3800 2567 3880 quo
2610 3779 2861 3857 minus
2920 3785 2998 3859 &
3054 3790 3345 3864 amicus

1061 3895 1209 3973 pro
1260 3875 1553 3959 amico,
1613 3875 1690 3950 δε
1736 3876 2090 3957 inimicus
2134 3905 2401 3961 contra
2465 3888 2869 3968 inimicum
2918 3891 3154 3996 possit
3220 3925 3346 3974 ve-

1059 4006 1238 4060 rum
1277 3978 1392 4075 (s1‘
1426 3984 1720 4089 integra
1773 3983 1864 4065 sit
1919 3991 1990 4067 ei
2032 3987 2283 4091 fides)
2346 3993 2620 4076 dicere.
2732 3999 2877 4080 Sed
2935 4003 3086 4084 late
3131 4007 3343 4086 locus

3146 4143 3334 4198 uter·-
