3557 5113
783 194 1040 383 48⁶6-
1271 194 3303 377 M.‘Fun'.»>Q1N''cru.1kuif

719 558 856 643 CA
881 583 942 636 ι’.
982 560 1080 644 V.
1126 534 1268 645 um
1308 542 1666 639 studium,
1700 551 1845 658 qui.
1872 544 2177 657 fugiunt
2217 572 2303 629 ac
2342 546 2845 629 reformidant
2875 576 3197 629 omnem
3218 536 3397 657 hanc*

1138 666 1224 743 in
1255 659 1594 743 dicendo
1622 662 2149 768 yoluptatem,
2193 658 2393 740 nihil
2435 663 2850 767 probantes
2888 661 3027 743 nisi
3048 658 3057 747 J
3074 662 3396 770 planum,⁸

1049 875 1057 882 .
1135 780 1219 857 &
1257 772 1582 867 humile,
1637 780 1718 855 &
1754 770 1911 852 fine
1953 788 2259 849 conatu.
2372 776 2519 853 ‘lta
2554 770 2749 871 dum
2808 776 3091 853 timent
3146 802 3237 854 ne
3279 769 3393 854 aliss

1137 883 1453 999 quando
1488 881 1760 989 cadant
1794 938 1820 975 ,
1883 880 2195 987 semper
2223 883 2496 983 jacent.
2592 883 2827 980 Quod
2865 890 3081 965 enim
3122 907 3386 965 tantum

1138 1003 1221 1079 in
1248 997 1617 1081 iententia
1657 995 1861 1087 bona
1885 995 2183 1081 crimen
2216 992 2371 1071 est?
2429 1022 2593 1075 non
2632 997 2863 1077 causoe
2888 997 3229 1103 prodest?
3256 1025 3386 1077 non

1139 1107 1486 1214 judicem
1527 1108 1841 1191 movet?
1901 1131 2063 1185 non
2103 1102 2495 1185 dicentem
2530 1108 3035 1189 commendat
3074 1118 3116 1188 ?
3172 1115 3272 1189 At
3301 1108 3389 1187 est

1139 1217 1538 1332 quoddam
1565 1232 2034 1327 genus,quo
2064 1235 2359 1298 veteres
2381 1243 2541 1298 non
2570 1221 2997 1301 utebantur.
3025 1219 3157 1301 Ad
3184 1247 3390 1330 quam

1139 1332 1372 1442 usque
1416 1358 1557 1412 nos
1595 1336 1887 1412 vocatis
1938 1326 2398 1410 vetustatem
2441 1329 2467 1408 ἓ
2539 1336 2746 1412 Nam
2782 1331 2835 1411 fi
2885 1330 2981 1412 ad
3021 1332 3233 1411 illam
3280 1359 3384 1411 ex·

1143 1470 1518 1537 tremam3
1581 1442 1822 1533 multa
1856 1438 2468 1531 Demosthenes,
2520 1470 2691 1550 quae
2722 1467 2902 1545 ‘ante
2951 1471 3139 1523 eum
3164 1470 3383 1523 nemo.

1141 1554 1570 1661 Qomodo
1608 1553 1861 1660 potest
1891 1557 2359 1633 Ciceronem
2392 1552 2758 1656 probare,
2803 1558 2939 1663 qui
2972 1553 3171 1635 nihil
3204 1574 3386 1661 putet

1143 1672 1246 1750 ex
1283 1673 1585 1748 Catone
1618 1662 2136 1771 Gracchisque
2164 1660 2623 1743 mutandum
2647 1666 2673 1745 ?
2695 1665 2843 1746 Sed
2864 1690 3047 1746 ante
3083 1667 3220 1747 hos
3240 1664 3389 1745 fim-

1145 1780 1424 1889 plicior
1463 1775 1713 1857 adhuc
1749 1773 2118 1885 loquendi
2167 1776 2364 1851 ratio
2416 1773 2588 1855 fuit.
2677 1783 2841 1883 Ego
2880 1805 3074 1858 vero
3103 1780 3254 1858 haec
3286 1775 3388 1855 lu·

1146 1894 1360 1969 mina
1396 1889 1768 1969 orationis
1810 1942 1835 1980 ,
1890 1886 2100 1970 velut
2139 1882 2404 1963 oculos
2450 1886 2821 1993 quosdam
2856 1887 3003 1968 ess'e
3054 1889 3386 1996 eloquen-

1141 2005 1266 2100 tiae
1297 1998 1553 2094 credo,
1617 1998 1766 2080 Sed
1812 2017 2065 2108 neque
2101 1994 2364 2077 oculos
2402 1996 2547 2075 ess'e
2580 2021 2752 2080 toto
2786 2027 3113 2108 corpore
3141 1998 3383 2106 veiim,

1138 2136 1241 2215 ne
1284 2133 1552 2193 caetera
1581 2112 1939 2192 membra
1975 2107 2331 2189 officium
2370 2105 2587 2188 suum
2658 2108 3008 2218 perdant.
3075 2119 3153 2193 δι
3188 2108 3243 2191 si
3273 2108 3394 2189 ne-

1149 2222 1346 2306 cesse
1399 2219 1491 2303 fit
1514 2276 1540 2314 ‚
1585 2245 1940 2305 veterem
2016 2220 2243 2300 illum
2275 2218 2690 2303 horrorem
2749 2222 3063 2303 dicendi
3119 2223 3393 2305 malim,

1192 2364 1374 2418 uam
1409 2331 1543 2414 ista
1585 2361 1792 2416 nova
1844 2333 2149 2413 licentia
2217 2333 2351 2410 uti.
2444 2331 2591 2411 Sed
2634 2352 2843 2441 patet
2895 2334 3157 2415 media
3216 2362 3394 2444 quae-

1135 2462 1138 2465 ’
1234 2475 1321 2553 m
1357 2448 1524 2537 via,
1581 2441 1772 2526 ficut
1800 2449 1884 2526 in
1918 2443 2127 2524 cultu
2168 2443 2522 2553 viCiuque
2571 2443 2872 2525 accessit
2909 2447 3191 2556 aliquis
3228 2450 3394 2525 citra

1136 2554 1820 2668 reprehensionem
1859 2562 2088 2639 nitor.
2128 2560 2386 2657 Qare
2414 2552 2642 2636 ficubi
2662 2556 3088 2665 possumus,
3123 2559 3396 2661 adjicia-

1142 2695 1318 2752 mus
1361 2667 1766 2752 virtutibus
1806 2703 1833 2748 .-
1873 2672 2080 2773 prius
2135 2686 2398 2746 tamen
2445 2665 2582 2758 sit,
2665 2667 2873 2752 vitiis
2914 2698 3184 2752 carere
3236 2702 3256 2750 ε
3313 2695 3394 2749 ne

1139 2781 1335 2861 dum
1376 2778 1741 2860 volumus
1773 2778 1917 2858 esse
1953 2777 2319 2892 meliores
2360 2779 2793 2874 veteribus,
2848 2779 3088 2864 fimus
3129 2805 3397 2863 tantum

1131 2889 1551 2980 dissimileS.
1615 2888 1976 2969 Reddam
2016 2911 2245 2979 nunc,
2270 2903 2506 2997 quam‘
2530 2896 2979 2997 proximam
3023 2894 3182 2975 esse
3220 2893 3398 2974 dixe·

1129 2995 1306 3087 ‘ram
1350 3059 1375 3096 ‚
1424 3024 1729 3109 partem
1771 2995 1869 3081 de
1917 3005 2182 3109 tropis,
2206 3021 2404 3108 ‘quos
2424 3028 2657 3083 motus
2689 3001 3093 3085 clariffimi
3130 3004 3400 3088 nostro-

1137 3143 1318 3199 rum
1377 3113 1721 3194 auctores
1755 3136 2058 3194 vocant.
2178 3117 2492 3195 Horum
2548 3113 2851 3197 tradere
2903 3141 3286 3226 praecepta
3328 3119 3401 3195 ὅ(

1130 3226 1623 3336 grammatici
1674 3222 1944 3304 solent.
2011 3223 2160 3308 Sed
2200 3252 2243 3303 a
2285 3253 2450 3308 me.
2497 3254 2673 3307 cum
2712 3225 2807 3307 de
2862 3227 3206 3330 illorum
3249 3225 3398 3308 offi-

1135 3345 1264 3420 cio
1306 3337 1700 3444 loquerer,
1724 3334 1954 3415 dilata
1999 3361 2171 3443 pars
2209 3337 2368 3416 haec
2392 3337 2544 3429 est,
2600 3344 2778 3447 quia
2816 3337 2914 3418 de
2940 3355 3237 3421 ornatu
3257 3367 3404 3420 ora-

1135 3452 1373 3641 tioxtdis
1409 3449 1724 3556 gravior
1758 3446 2162 3531 videbatur
2198 3448 2412 3531 locus
2442 3505 2465 3536 .
2524 3454 2605 3533 δι
2643 3452 2922 3563 majori
2981 3457 3235 3562 operi
3284 3451 3408 3534 ser-

1130 3587 1310 3650 van*
1340 3586 1448 3641 us.

710 3805 901 3887 en,
942 3799 1072 3887 γι,
1300 3761 1560 3864 TRo
1581 3763 1785 3869 Pus
1818 3782 1931 3865 est
1953 3780 2170 3865 verbi
2203 3781 2331 3865 vel
2352 3780 2723 3867 sermonis
2742 3813 2783 3866 a
2818 3781 3405 3900 propria‘figni·

713 3893 730 3908 ⁸
1101 3887 1473 3990 ficatione
1517 3896 1602 3976 in
1630 3895 1863 3979 aliam
1888 3952 1913 3982 ‚
1956 3919 2141 3976 cum
2185 3899 2467 3977 virtute
2488 3899 2837 3980 mutatio,
2891 3881 3150 3982 circa
3179 3927 3413 4012 quem

1118 4003 1672 4121 ,inexplicabilis
1707 4013 1790 4097 δε
1838 4008 2362 4154 grammaticis
2399 4011 2608 4107 inter
2646 4008 2847 4125 ipsos
2881 4063 2912 4108 ‚
2947 4016 3039 4098 ὅ(
3080 4010 3427 4204 ρδὶὶοιίιί-

3228 4151 3284 4236 Ρ
3392 4216 3418 4226 -
