3557 5113
275 229 496 392 De
531 220 966 431 Instit.
1008 226 1731 410 oratoria,
1798 222 2095 391 Lib
2157 231 2351 402 X.
2571 269 2795 384 597

197 545 312 622 riae
336 567 638 650 quoque
673 535 1156 623 ostendunt,
1217 543 1557 620 maxima
1601 540 1804 623 bella
1856 549 1943 625 δι
1970 539 2452 631 clarissimos
2533 559 2718 637 Cli-,v
2740 557 2824 636 1.

198 676 568 735 canentem
609 649 935 742 duees,
998 656 1079 733 ὅ(
1113 655 1315 757 epici
1357 657 1717 748 carminis
1759 681 1998 737 onera
2036 659 2205 764 lyra
2244 660 2454 742 susti-

195 790 499 860 nentem.
590 761 886 844 Reddit
959 766 1171 842 enim
1217 763 1559 870 perionis
1602 770 1683 845 in
1723 768 2029 874 agendo
2066 769 2291 851 fimul
2334 773 2454 855 lo-

241 876 623 985 uendoque
664 874 1007 956 debitam
1055 873 1570 982 dignitatem:
1629 906 1717 959 ac
1757 881 1817 959 fi
1876 881 2224 962 tenuiss'et
2274 912 2451 966 mo-

197 905 412 1074 dum,
455 988 768 1074 videtur
806 987 1152 1069 aemulari
1177 992 1582 1093 proximus
1604 994 2048 1073 Homerum
2087 996 2456 1099 potuisse.

194 1099 302 1182 sed
332 1097 701 1184 redundat
759 1154 784 1189 ‚
867 1121 1097 1206 atque
1139 1098 1619 1180 effunditur·
1687 1104 1897 1210 quod
1935 1128 2020 1185 ut
2051 1105 2161 1185 est
2202 1133 2458 1213 repre-

191 1211 736 1294 hendendum.
817 1212 925 1291 ita
963 1214 1207 1318 copiae
1241 1215 1519 1293 vitium
1575 1212 1705 1291 est.
1780 1215 2140 1296 Alcaeus
2119 1245 2204 1296 1n
2238 1243 2458 1324 parte

192 1330 417 1430 operis
451 1349 690 1404 aureo
732 1321 1031 1429 plectro
1091 1328 1379 1403 merito
1417 1321 1828 1415 donatur,
1890 1352 2039 1433 qua
2098 1352 2465 1433 tyrannos

194 1437 625 1518 ἰηίὲᾶειωτε
688 1434 1031 1514 multum
1080 1439 1319 1514 etiam
1354 1436 1702 1515 moribus
1741 1440 2103 1520 confert.
2157 1442 2242 1522 in
2300 1441 2465 1523 elo-

194 1547 478 1655 quendo
520 1572 836 1656 quoque
880 1548 1133 1628 brevis
1174 1602 1195 1639 ‚
1273 1552 1352 1628 δε
1397 1545 1894 1652 magnificus,
1955 1555 2034 1631 ὅ(
2102 1549 2458 1657 diligenS,

189 1659 739 1767 plurimumque
788 1664 1147 1739 Homero
1190 1656 1471 1749 similis,
1507 1658 1640 1738 sed
1675 1663 1756 1738 in
1793 1660 1992 1743 lusus
2019 1668 2094 1744 δε
2132 1667 2210 1742 in
2237 1691 2454 1745 amos

189 1799 290 1849 res
327 1770 789 1861 descendit,
871 1771 1289 1870 majoribus
1335 1794 1605 1850 tamen
1663 1775 1943 1876 aptior.
2018 1774 2452 1855 Simonides

191 1888 448 1968 tenuis,
489 1884 839 1990 ahoquin
880 1881 1235 1962 sermone
1281 1886 1607 1988 propr-io
1651 1887 1728 1963 ὅ(
1761 1885 2235 2012 jucunditate
2273 1912 2452 1993 qua-

187 1990 348 2073 dam
367 1992 903 2075 commendari
937 1993 1239 2099 potest:
1259 1998 1637 2101 praecipua
1663 2017 1933 2076 tamen
1954 2001 2111 2123 ejus
2134 2002 2214 2076 in
2228 2023 2447 2079 com

185 2107 548 2187 movenda
589 2106 1077 2187 miseratione
1156 2109 1418 2188 virtus,
1476 2128 1562 2185 ut
1604 2106 1977 2214 quidam
1948 2137 2038 2187 m
2076 2110 2219 2189 hac
2262 2137 2450 2196 eum

183 2243 387 2323 parte·
417 2219 777 2298 omnibus
820 2217 1161 2315 ejusdem
1235 2219 1493 2321 operis
1541 2217 1966 2298 audioribus
2015 2220 2442 2324 praeferant.

183 2333 502 2440 Antiqua
548 2331 936 2410 comoedia
981 2357 1176 2408 ‚cum
1208 2326 1580 2407 sinceram
1631 2328 1845 2407 illam
1886 2328 2258 2410 sermonis
2303 2337 2447 2410 At-

185 2443 298 2519 tici
329 2447 656 2550 gratiam
703 2469 949 2548 prope
989 2440 1145 2520 sola
1184 2442 1499 2529 retinet,
1560 2460 1731 2519 tum
1763 2440 2310 2522 facundiffimae
2351 2443 2451 2522 li..

179 2551 487 2647 bertatis,
521 2554 662 2635 etsi
692 2555 802 2633 est
847 2556 928 2633 in
968 2550 1417 2632 insectandis
1460 2554 1663 2633 vitiis
1703 2560 2083 2658 praecipua
2112 2612 2133 2639 ,
2204 2554 2444 2660 pluria

179 2688 380 2746 mum
428 2690 696 2747 tamen
736 2668 1022 2745 virium
1054 2666 1285 2743 etiam
1326 2668 1405 2743 in
1451 2667 1735 2744 caeteris
1813 2666 2169 2770 part-ibus
2195 2666 2442 2771 babet:

181 2779 367 2856 Nam
397 2787 481 2859 ὅ(
507 2777 854 2886 grandis,
889 2775 1379 2882 &elegans,
1414 2779 1491 2855 ὅ(
1529 2774 1885 2865 venusta,
1931 2782 2009 2857 &
2049 2775 2301 2858 nescio
2343 2806 2448 2858 atr

178 2886 354 2980 ulla,
402 2892 581 3018 post
611 2895 1052 2969 Homerum
1098 2908 1400 2971 tamen,
1425 2914 1663 2993 quem
1712 2911 1797 2979 ut
1825 2888 2219 2968 Achillem
2262 2890 2452 2968 sem

174 3025 302 3102 per
336 3007 589 3108 excipi
631 3030 767 3107 par
806 3000 940 3089 est,
983 3021 1146 3079 aut
1138 2997 1468 3079 fimilior
1506 2997 1594 3077 fit
1640 3002 2120 3091 oratoribus„
2187 3023 2316 3081 aut
2352 2998 2449 3081 ad

173 3136 504 3194 oratores
540 3112 935 3195 faciendos
971 3114 1246 3217 aptior
1282 3112 1538 3188 Plures
1585 3114 1739 3208 ejus
1786 3112 2131 3190 austores
2190 3142 2206 3189 :
2274 3113 2448 3190 Ari-

174 3220 568 3329 stophanes
615 3242 878 3306 tamen
924 3229 1004 3304 &
1086 3221 1397 3326 Eupolis
1450 3221 1954 3329 Cratinusque
2058 3226 2449 3330 praecipui.

165 3337 654 3441 Tragoedias
646 3339 952 3444 primus
1006 3338 1087 3413 in
1129 3333 1387 3413 lucem
1444 3329 1840 3437 AEschylus
1873 3334 2270 3439 protulit,
2369 3340 2452 3415 δε

166 3443 494 3528 sublimis
515 3457 617 3530 &
659 3451 950 3555 gravis,
993 3452 1071 3527 ὅ(
1103 3443 1654 3553 grandiloquus
1700 3444 1892 3550 saepe
1920 3444 2162 3553 usque
2206 3444 2304 3526 ad
2346 3449 2450 3529 vi·-

175 3559 388 3642 tium‚
408 3559 529 3639 sed
549 3560 828 3640 rudis
813 3588 892 3639 in
933 3558 1314 3664 plerisque
1352 3562 1430 3637 ὅ(
1467 3556 2083 3662 incompositus:
2126 3581 2453 3666 propter

159 3670 379 3773 quod
415 3675 797 3757 conre‘stas
829 3675 993 3773 ejus
1021 3669 1321 3749 fabulas
1355 3672 1444 3748 in
1486 3690 1877 3748 certamen
1915 3668 2213 3749 defer-re
2307 3698 2451 3777 po-
2510 3714 2513 3717 2

155 3778 603 3865 sterioribus
639 3787 884 3892 poetis
928 3779 1433 3863 Athenienses
1473 3781 1942 3886 permisere,
1976 3781 2314 3890 suntque
2356 3811 2457 3864 eo

151 3893 403 3975 modo
445 3896 683 3978 multi
711 3897 1098 3978 coronati.
1244 3891 1391 3974 Sed
1413 3892 1659 3999 longe
1695 3893 1995 3974 clarius
2036 3894 2454 3976 illustrave-

153 4027 358 4155 runt
411 4008 600 4090 hoc
595 4036 808 4117 opus
861 4004 1280 4115 Sophocles
1321 4026 1556 4195 ἓῑῐᾳῑιὲε
1599 4004 2058 4113 Euripides.
2129 4030 2465 4129 quorum

313 4182 326 4193 .
1595 4140 1636 4194 2.
2398 4119 2482 4195 in
