3557 5113
297 217 995 428 Delnstit.
1028 155 2386 438 Oratoria‚Lib.XII.

193 551 362 608 cum
395 527 595 606 vitiis
641 528 926 605 mentis
969 523 1174 630 posse
1220 521 1546 606 misceri.
1665 526 2002 609 Facultas
2038 525 2371 615 dicendi,
2416 526 2474 610 fi

195 643 269 719 in
307 637 856 718 malos⁸incidit
897 693 921 729 ,
983 643 1061 719 δ(
1107 637 1264 744 ipsa
1303 638 1712 739 judicanda
1757 642 1868 721 est
1927 642 2226 721 malum
2265 679 2288 718 .-
2344 670 2479 748 pe-

188 755 385 854 j0res
432 754 645 830 enim
685 751 859 833 illos
912 750 1093 830 facit
1124 805 1148 841 ,
1214 751 1488 859 quibus
1522 756 1930 859 contingit.
1987 753 2285 835 Videor
2329 759 2477 833 mi-

190 864 267 943 hi
305 861 572 943 audire
634 861 1009 970 quosdam
1054 872 1242 957 (nec
1293 867 1506 942 enirn
1566 863 1895 944 deerunt
1947 891 2294 975 unquam
2341 870 2479 974 qui

185 973 446 1055 diserti
486 973 630 1053 effe
671 1000 908 1082 quam
966 976 1153 1054 boni
1213 974 1531 1072 malint)
1597 975 1722 1056 illa
1768 976 2109 1059 dicentes
2169 1011 2188 1059 τ
2266 979 2481 1082 Qid

185 1113 376 1194 ergo
414 1108 714 1168 tantum
760 1087 872 1166 est
907 1089 1091 1166 art-is
1122 1088 1201 1166 in
1262 1086 1703 1194 eloquentia
1739 1093 1778 1166 ?
1832 1117 1972 1169 cur
2005 1114 2091 1172 tu
2127 1090 2225 1170 de
2262 1092 2478 1170 colo-

180 1203 391 1280 ribus
421 1253 443 1284 ,
505 1205 587 1280 &
623 1199 1065 1278 difficilium
1106 1199 1512 1280 causarum
1542 1197 1984 1280 defenfione
2026 1259 2049 1288 ,
2113 1203 2483 1284 nonnihil*

181 1317 427 1393 etiam
467 1310 565 1391 de
597 1310 936 1392 confesso
991 1311 1356 1419 loquutus
1401 1338 1481 1390 es
1539 1365 1564 1402 ,
1620 1308 1759 1390 nisl
1802 1311 2216 1420 aliquando
2246 1318 2358 1394 vis
2398 1319 2479 1395 δε

172 1425 507 1508 facultas
571 1422 879 1503 dicendi
936 1446 1324 1531 expugnat
1385 1422 1626 1529 ipsam
1689 1428 2091 1505 veritatem
2131 1433 2169 1504 ,ἓ
2222 1427 2484 1508 Bonus

168 1543 394 1618 enim
435 1539 556 1617 vir
594 1563 759 1615 non
795 1538 953 1641 agit
994 1534 1130 1614 nisi
1181 1537 1417 1616 bonas
1454 1534 1703 1615 causas
1737 1591 1762 1626 ,
1821 1562 1944 1616 eas
1981 1563 2223 1643 porro
2245 1540 2484 1619 etiam

168 1649 331 1730 fine
375 1647 733 1729 dostrina
782 1646 955 1730 satis
1004 1674 1147 1754 per
1187 1647 1260 1728 se
1305 1670 1562 1728 tuetur
1599 1648 1876 1729 veritas
1915 1649 2089 1755 ipsa.
2182 1649 2477 1740 Quibus
2523 1678 2535 1688 ·

165 1789 327 1868 ego
370 1818 398 1852 ,
465 1788 649 1840 cum
681 1759 779 1840 de
820 1787 1005 1839 meo
1042 1765 1388 1869 primum
1428 1787 1666 1867 opere
1705 1760 2217 1866 respondero,
2245 1764 2484 1841 etiam

158 1901 318 1983 pro
348 1874 548 1964 boni
605 1875 752 1955 viri
781 1871 1054 1953 officio
1090 1929 1114 1965 ,
1179 1871 1551 1983 siquando
1586 1899 1770 1952 eum
1812 1870 1909 1953 ad
1951 1871 2483 1954 defensionem

157 1988 645 2094 nocentium
682 1988 886 2063 ratio
924 1982 1232 2064 duxerit
1268 2040 1291 2075 ‚
1357 1984 1826 2066 satisfaciam.
1885 1988 2349 2067 PertraCtare'
2403 2013 2483 2065 e-

154 2104 349 2181 nim
391 2124 556 2204 quo
585 2094 833 2175 modo
874 2116 1002 2174 aut
1045 2123 1191 2201 pro
1234 2094 1477 2184 falfis,
1542 2116 1669 2174 aut
1721 2099 1962 2175 etiam
2002 2126 2150 2204 pro
2186 2097 2479 2198 injustis

152 2206 612 2318 aliquando
653 2206 995 2297 dicatur,
1061 2235 1223 2287 non
1266 2207 1376 2288 est
1434 2206 1745 2289 inutile,
1796 2207 1922 2290 vel
1963 2233 2294 2315 propter
2333 2209 2487 2290 hoc

147 2323 438 2405 (bium
477 2344 560 2401 ut
591 2348 680 2400 ea
709 2321 1008 2400 facilius
1046 2325 1126 2400 δ(
1162 2317 1868 2426 deprehendamus,
1918 2326 1997 2400 &
2022 2321 2489 2414 refellamu33

148 2431 863 2547 quemadmodum
900 2430 1245 2513 remedia
1284 2432 1561 2515 melius
1606 2428 1999 2512 adhibebit
2043 2488 2066 2524 ‚
2123 2436 2241 2513 cui
2297 2456 2487 2513 nota

143 2579 334 2661 quae
384 2570 734 2638 nocent,
785 2543 1093 2626 fuerint.
1192 2549 1469 2654 Neque
1523 2545 1736 2627 enim
1799 2544 2253 2626 Academici
2305 2573 2493 2625 eum

146 2667 237 2745 in
281 2685 727 2766 utramque
773 2656 1137 2739 differunt
1204 2680 1504 2764 partem
1540 2716 1561 2744 ,
1626 2682 1793 2738 non
1840 2656 2260 2738 secundum
2301 2657 2485 2738 alte--¹

142 2804 332 2857 ram
398 2777 711 2857 vivunt.
810 2776 1085 2878 Neque
1127 2770 1563 2852 Carneades
1600 2768 1732 2848 ifle
1765 2826 1790 2861 ,
1855 2774 1989 2878 qui
2033 2775 2315 2852 Romae
2350 2798 2486 2851 au-

136 2887 438 2970 diente
487 2882 868 2966 Censorio
914 2880 1212 2963 Catone
1262 2911 1426 2963 non
1487 2883 1920 2963 minoribus
1957 2883 2247 2965 viribus
2295 2909 2483 2962 eon-

2608 246 2817 358 717

2567 523 2755 602 Cu.
2789 517 2857 595 1:

134 3024 265 3083 tra
304 2999 712 3104 justitiam
752 2993 1036 3075 dicitur
1072 2994 1539 3078 diss'eruisse‘,
1603 3019 1841 3099 quam
1894 2991 2145 3099 pridie
2179 3020 2331 3101 pro
2370 2996 2487 3091 ju·
2590 3090 2598 3096 ἢ

129 3114 365 3196 stitia
417 3110 736 3192 dixerat
783 3164 806 3192 ‚
871 3106 1185 3208 injustus
1223 3106 1377 3211 ipse
1430 3108 1543 3189 vir'
1594 3105 1759 3183 fuit.
1866 3109 2171 3184 -Verum
2215 3109 2296 3186 ὅ(
2325 3106 2482 3187 νίτὲ-

128 3249 267 3310 tus
301 3220 538 3337 quid
570 3219 663 3302 fit
687 3276 711 3311 ‚
751 3216 1060 3303 adversa
1097 3221 1171 3298 ei
1208 3217 1505 3298 malitia
1528 3215 1823 3321 detegit
1856 3250 1881 3293 .·
1949 3221 2029 3298 &
2051 3219 2363 3326 aequitas
2384 3214 2480 3296 fit
2591 3300 2595 3310 ,

124 3369 243 3423 ex
319 3336 612 3445 iniqui
671 3331 1334 3438 contemplatione
1389 3327 1869 3410 manifestior
1911 3383 1934 3418 ‚
2013 3334 2094 3411 ὅ(
2146 3329 2486 3437 plurima

135 3452 597 3535 contrariis
652 3445 1101 3552 probantur.
1222 3442 1535 3522 Debent
1583 3467 1774 3546 ergo
1804 3444 2128 3527 oratori
2186 3440 2289 3522 fic
2343 3439 2489 3520 effe

131 3561 811 3645 adversariorum
868 3578 1056 3636 nota
1097 3555 1408 3637 confilia
1439 3611 1462 3645 ‚
1524 3577 1608 3635 ut
1646 3551 1987 3633 hostium
2010 3610 2033 3644 ‚
2071 3559 2493 3661 impet-'ato-

130 3677 244 3758 ri.
336 3678 669 3754 Verum
708 3674 788 3751 &
828 3667 1022 3750 illud
1061 3667 1278 3776 quod
1333 3678 1587 3775 prima
1627 3663 2159 3773 propositione
2215 3664 2507 3746 durum·

131 3784 573 3874 videtur,
626 3779 878 3890 potest
913 3778 1187 3861 afferre
1233 3784 1472 3872 ratio,
1519 3801 1609 3863 ut
1654 3783 1775 3861 vir
1822 3778 2065 3858 bonus
2103 3782 2186 3858 in
2232 3777 2500 3877 defen-

114 3902 381 3987 fione
437 3900 693 3977 causae
734 3892 921 3978 velit
964 3892 1265 3973 auferre
1323 3889 1743 3999 aliquando
1781 3889 2017 3992 judici
2058 3894 2491 3974 veritatem.

116 4008 442 4128 Qod.
470 4005 544 4092 fi
599 4010 772 4121 quis
833 4033 882 4091 a
941 4031 1071 4089 me
1135 4006 1504 4115 proponi·
1539 4003 1961 4085 mirabitur
2008 4003 2517 4114 (quanquam

1399 4116 1708 4199 Xxxx
2338 4136 2503 4196 non
