3557 5113
260 239 481 400 De
505 207 946 436 Insti‘t.
1002 189 1713 402 Orator-ia,
1729 225 2042 384 Lib.
2074 228 2325 390 VI.
2523 263 2749 385 399

176 557 234 636 in
276 554 422 653 jure
471 550 728 629 minus
782 543 1083 630 fiduciae
1132 547 1282 630 erit
1322 603 1348 639 ,
1423 552 1782 657 aequitate
1836 548 2178 651 judicem
2220 577 2414 659 prae-
2483 575 2672 652 cu»,
2693 570 2750 648 1,

178 689 499 770 paremus.
593 660 818 741 Nihil
894 660 1123 740 habui
1186 660 1512 768 amplius
1564 662 1797 770 quod.
1834 667 1913 742 in
1973 662 2418 747 universum

177 777 645 881 praeciperem.
720 778 948 853 Nunc
989 799 1255 855 eamus
1294 802 1435 880 per
1493 772 1820 880 singulas
1860 775 2255 856 caularum
2303 781 2416 876 ju·

182 886 512 967 dieialium
570 895 817 990 partes
858 941 880 973 ,
945 912 1130 993 quas
1173 907 1259 964 ut
1318 885 1661 993 persequi
1702 886 1801 967 ad
1862 888 2220 969 ultimam
2256 888 2422 995 spe-

183 1003 335 1078 ciem
368 1053 390 1088 ‚
437 996 521 1076 id
566 997 719 1088 est,
766 995 860 1076 ad
906 993 1449 1103 fingulaslites
1511 999 2213 1108 controversiasque
2255 1023 2421 1081 non

189 1109 431 1216 possum
490 1140 514 1203 3
608 1113 713 1188 ita
772 1106 868 1186 de
916 1109 1400 1213 generalibus
1441 1108 1768 1198 scribere
1812 1111 1992 1192 licet
2031 1169 2052 1197 ,
2119 1136 2204 1193 ut
2246 1140 2419 1220 quae

191 1225 248 1300 in
293 1247 667 1330 quemque
741 1219 1022 1338 statum
1071 1219 1682 1329 frequentissime
1756 1222 2107 1301 incidunt
2167 1279 2189 1314 ,
2270 1246 2423 1303 tra-

188 1332 343 1432 dam.
414 1340 508 1413 Et
555 1335 735 1441 quia
788 1353 1061 1412 natura
1118 1338 1372 1440 prima
1430 1333 1748 1442 quaestio
1810 1332 1967 1423 est,
2037 1335 2425 1414 factumne

191 1442 286 1537 sit;
318 1443 397 1525 ab
452 1446 597 1524 hac
647 1440 924 1526 ordiar.

363 1669 1189 1778 CONJECTURA
1247 1670 1552 1757 omnis,
1601 1691 1728 1750 aut
1777 1665 1875 1746 de
1935 1696 2018 1747 re
2056 1725 2077 1767 2
2137 1689 2267 1747 aut
2326 1667 2425 1762 de
2455 1687 2639 1764 Gn.
2679 1679 2789 1765 11,

198 1781 409 1858 mimo
451 1780 583 1860 est.
694 1778 1103 1886 Utriusque
1167 1777 1312 1859 tria
1368 1802 1722 1886 tempora
1774 1834 1799 1868 ‚
1901 1785 2376 1887 praeteritum
2401 1833 2428 1871 ,

200 1887 488 1996 praesens'
511 1948 533 1983 ‚
600 1890 963 1972 futurum.
1080 1896 1201 1970 De
1262 1919 1345 1971 re
1384 1890 1914 1999 &generales
1980 1894 2431 2000 quaestioneo

198 1999 375 2103 sunt,
429 2010 508 2085 ὅ(
562 2003 939 2093 definitae,
1002 2000 1083 2081 id
1145 2003 1253 2082 est
1277 2008 1399 2094 ,&
1447 2032 1617 2112 quae
1672 2031 1836 2089 non
1906 2009 2429 2089 continentur,

200 2118 267 2193 ὃ(
312 2141 450 2221 quae
501 2120 1020 2204 continentur.
1114 2120 1237 2194 De
1293 2118 1558 2197 animo
1614 2118 1853 2225 quaeri
1922 2147 2086 2202 non
2156 2113 2433 2224 potest,

207 2224 321 2303 nifi
370 2230 478 2308 ubi
524 2227 845 2335 persona
887 2227 995 2306 est
1028 2231 1180 2316 ,δι
1223 2224 1320 2305 de
1357 2226 1558 2324 fasto
1587 2227 1922 2312 constat.
2013 2238 2216 2333 Ergo
2255 2252 2438 2306 cum
2595 2299 2607 2306 .

202 2334 283 2416 de
313 2367 394 2442 ³re
443 2344 699 2446 agitur
739 2395 763 2430 ,
829 2359 959 2418 aut
1008 2336 1195 2446 quid
1254 2337 1537 2420 factum
1586 2338 1676 2418 sit
1715 2394 1754 2429 ,.
1806 2346 1887 2418 in
1942 2340 2265 2421 dubium
2319 2364 2443 2416 ve-

205 2451 354 2534 nit,
400 2474 550 2532 aut·
582 2449 778 2562 quid
830 2449 964 2534 fiat
1004 2505 1068 2540 ,-
1114 2470 1245 2530 aut
1307 2448 1498 2561 quid
1558 2450 1649 2534 sit
1714 2449 2119 2534 futurum:
2197 2471 2281 2529 ut
2357 2451 2440 2526 in

206 2565 638 2666 generalibus
692 2598 713 2659 ;
796 2568 925 2644 An
991 2584 1442 2663 atomorum
1483 2563 1887 2644 >concursu
1965 2561 2298 2645 mundus
2352 2556 2444 2651 stt

210 2671 528 2759 effestus:
590 2704 688 2756 an
743 2673 1234 2781 providentia
1287 2697 1596 2782 regatur
1639 2708 1657 2757 ε
1719 2703 1818 2755 an
1877 2676 1968 2757 fit
2032 2672 2449 2782 aliquando

215 2783 474 2868 casurus.
591 2791 680 2867 In
738 2785 1127 2876 definiti35
1218 2792 1347 2867 An
1411 2787 1937 2893 parricidium·
1983 2784 2454 2869 commiserit

209 2897 484 2985 Roscius
540 2930 559 2978 ε
666 2925 765 2987 an,
821 2926 1149 3005 regnum
1204 2898 1504 2979 affectet
1577 2902 1909 2999 Manlius
1959 2932 1975 2978 :
2088 2927 2183 2979 an
2254 2896 2459 2976 redie

212 3009 500 3091 Verrem
553 3009 647 3091 fit
697 3010 1171 3091 accusaturus
1228 3016 1351 3115 Q
1378 3012 1750 3092 Caecilius.
1816 3017 1903 3089 ln
1937 3010 2234 3112 judiciis
2275 3034 2461 3112 pra:-

212 3124 492 3202 teritum
551 3144 861 3228 tempus
915 3123 1259 3203 maxime
1316 3122 1543 3204 valet.
1673 3125 2191 3225 Nemoeenim
2242 3144 2464 3197 accu-

219 3228 305 3321 sat
339 3233 466 3316 nifi
505 3263 678 3344 quae
727 3235 918 3314 fasta
979 3234 1171 3313 sunt.
1286 3239 1493 3311 Nam
1538 3239 1614 3312 ὅτ
1651 3261 1825 3341 quae
1859 3231 2129 3316 fiant‚-
2172 3236 2248 3310 ὅ(
2295 3254 2467 3335 quae

223 3339 437 3425 futura
475 3346 622 3428 sint
663 3402 686 3437 ‚
762 3373 859 3426 ex
900 3347 1300 3453 praeteritis
1357 3344 1849 3451 colliguntur.
1912 3346 2329 3443 .Qaeritur
2387 3344 2469 3419 &

227 3453 404 3534 unde
447 3458 634 3568 quid
687 3481 952 3538 ortum
1000 3492 1018 3536 ε
1079 3478 1166 3561 ut
1225 3456 1650 3561 pestilentia
1686 3514 1716 3550 ‚‚
1759 3460 1870 3538 ira
1906 3456 2187 3545 deum,
2225 3480 2321 3532 an
2359 3455 2474 3529 in-

230 3576 558 3671 temperie
605 3570 779 3650 coeli
810 3626 834 3662 ‚
897 3599 996 3650 an
1051 3572 1432 3675 corruptis
1483 3573 1755 3676 aquis,
1812 3597 1907 3648 an
1971 3574 2213 3648 noxio
2257 3585 2477 3644 terrae

228 3671 451 3759 halitu.
542 3688 637 3761 Et
692 3710 862 3791 quae
941 3683 1154 3763 causa
1218 3681 1397 3762 fasti
1442 3714 1460 3760 :
1543 3704 1630 3762 ut
1686 3708 1923 3789 quare
1996 3679 2093 3759 ad
2154 3681 2478 3775 Trojam

222 3793 741 3901 quinquaginta
773 3823 989 3901 reges
1031 3796 1556 3898 navigaverint
1590 3850 1612 3884 ‚
1670 3791 2167 3894 jurejurando
2211 3786 2479 3876 adaffi,

209 3930 298 3982 an
346 3909 712 4014 exemplo
773 3913 980 3989 moti
1025 3963 1047 3997 ‚
1141 3934 1238 3985 an
1290 3905 1806 4014 gratificantes
1893 3903 2203 3985 Atridis,
2305 3926 2475 4007 qu3ae

204 4014 352 4100 duo
401 4046 688 4127 genera
739 4048 904 4103 non
958 4020 1296 4102 multum
1348 4025 1552 4101 inter
1598 4019 1671 4101 se
1728 4019 2025 4103 distant.
2116 4022 2220 4096 Ea
2286 4034 2476 4090 vero

2314 4144 2484 4228 c1⁰²¹?
