3557 5113
798 188 969 301 62
1349 174 1514 288 M.
1622 178 2005 292 Fastr
2151 179 3145 319 chrurAm

649 474 783 579 ses
808 502 872 552 ι».
931 471 1040 563 Χ.
1070 471 1225 556 ciat
1260 460 1610 557 animus?
1702 473 2003 552 Natura
2039 466 2255 549 enim
2302 461 2737 576 pei-festum
2781 486 3185 550 oratorem
3245 460 3412 553 ess‘e

670 578 677 589 ’
946 594 951 606 “
1068 613 1240 672 non
1279 584 1690 693 prohibet:
1755 585 2242 691 turpiterque
2279 575 2724 688 desperatur
2743 634 2768 672 ‚
2788 579 3185 694 quicquid
3219 576 3416 666 fieri

1070 696 1349 809 potest.
1461 703 1727 808 Atque
1773 721 1926 803 ego
1961 692 2089 780 vel
2128 691 2420 799 judicio
2452 718 2812 777 veterum
2847 716 3214 802 poteram
3245 696 3415 782 essc-

1069 832 1506 897 eontentuS.
1620 818 1832 891 Nam
1853 884 1868 915 ι,
1892 809 2064 918 quis
2134 810 2442 915 ignorat
2492 800 2839 887 muficen
2907 816 3049 911 (ut
3103 803 3204 888 de
3251 808 3417 891 hac

1134 927 1426 1007 rimum
1480 920 1828 1032 loquar)
1867 912 2172 1003 tantum
2220 923 2382 1027 jam
2430 918 2581 1015 illis
2631 924 2961 1029 antiquis
3016 930 3418 1029 tempori-

990 1117 1000 1125 ,
1069 948 1219 1116 ἕως
1257 1063 1424 1116 non
1475 1034 1697 1138 studij
1760 1029 2011 1114 modo
2035 1090 2058 1126 ,
2124 1036 2641 1116 verumetiam
2699 1035 3221 1114 venerationis
3268 1034 3417 1116 ha-

970 1188 978 1195 ·
1073 1144 1313 1229 buiffe
1350 1202 1376 1239 ‚
1433 1172 1519 1229 ut
1574 1148 1816 1252 ijdem
1868 1144 2141 1227 mufici
2177 1200 2205 1239 ,
2255 1149 2340 1228 &
2389 1168 2599 1229 vates
2640 1150 2722 1225 &
2768 1143 3138 1252 sapientes
3193 1147 3421 1250 judi-

1075 1260 1480 1342 carentur?
1572 1264 1887 1342 mittam
1931 1260 2179 1355 alios;
2270 1259 2631 1366 Orpheus
2680 1261 2761 1339 ὅ(
2802 1259 3096 1355 Linus5
3188 1282 3420 1366 quo-

1075 1399 1262 1457 rum
1299 1393 1721 1483 utrumque
1750 1369 1911 1455 'diis
1969 1372 2326 1480 genitum
2351 1382 2381 1461 ‘,
2453 1369 2788 1465 alterum
2836 1398 3027 1452 vero
3059 1424 3083 1461 ‚
3165 1372 3420 1480 quod

1075 1483 1311 1568 rudes
1385 1482 1702 1596 quoque
1774 1490 2006 1593 atque
2091 1481 2419 1590 agrestes
2492 1486 2795 1562 animos
2876 1480 3417 1567 admiratione

1070 1595 1503 1692 mulceret,
1557 1627 1722 1681 non
1759 1598 1955 1677 feras
2010 1595 2259 1676 modo
2279 1652 2303 1687 ‚
2349 1591 2478 1676 sed
2517 1593 2689 1675 saxa
2725 1598 2965 1675 etiam
2995 1591 3420 1708 sylvasque

1071 1706 1370 1805 *duxisse
1399 1768 1418 1796 ,
1472 1709 1934 1820 posteritatis
1992 1709 2396 1789 memoriae
2454 1703 2831 1789 traditum
2883 1705 3013 1787 est.
3111 1712 3214 1790 Et
3270 1715 3422 1793 Ti-

1078 1847 1448 1928 magenes
1496 1825 1766 1905 austor
1811 1821 1924 1902 est
1960 1874 1987 1911 ,
2084 1821 2446 1903 omnium
2505 1823 2590 1900 in
2644 1819 2887 1899 literis
2952 1817 3417 1905 studiorum

1074 1932 1687 2041 antiquissimam
1721 1932 2066 2017 musscen
2124 1930 2515 2013 exstitisse:
2608 1936 2690 2014 &
2737 1930 3189 2019 testimonio
3221 1934 3425 2017 sunt

1073 2042 1472 2127 clariffimi
1523 2070 1778 2158 poetae
1823 2102 1845 2138 ‚
1901 2041 2107 2152 apud
2163 2071 2360 2155 quos
2422 2049 2627 2124 inter
2681 2044 2965 2151 regalia
3029 2050 3422 2131 convivia

1069 2154 1345 2241 laudes
1401 2160 1737 2243 heroum
1792 2186 1879 2240 ac
1935 2155 2270 2237 deorum
2329 2151 2428 2236 ad
2481 2158 2857 2237 citharam
2897 2159 3420 2265 canebantur.

1070 2269 1317 2382 ¹Jopar»
1353 2300 1547 2355 vero
1581 2270 1714 2355 ille
1769 2270 2074 2377 Virgilij
2113 2296 2376 2349 nonne
2421 2273 2625 2349 canit
2859 2370 2870 2373 -

1299 2436 1374 2455 ....
1391 2439 1428 2454 -.
1441 2413 1830 2471 -errantem
1870 2386 2121 2464 lunam
2143 2437 2164 2473 ‚
2193 2380 2508 2494 filisque
2546 2378 2818 2463 labores
2837 2386 2879 2462 ,Ρ
2939 2387 3088 2466 ὅτε.

1065 2496 1380 2605 ,Quibus
1428 2523 1640 2583 certe
1677 2498 1939 2608 palam
1972 2491 2387 2575 confirmat
2417 2496 2684 2576 austor
2717 2495 3431 2597 eminentiffimus,

1070 2610 1421 2694 musicen
1465 2631 1651 2695 cum
1689 2610 2133 2692 divinarum
2168 2610 2408 2687 etiam
2448 2636 2715 2690 rerum
2753 2614 3203 2717 cognitione
3241 2616 3428 2698 effi:

1070 2725 1592 2822 coniunctam.
1683 2717 1924 2828 Qod
1976 2717 2034 2800 si
2084 2718 2312 2800 datur
2342 2776 2364 2811 ‚
2429 2724 2578 2801 erit
2624 2725 2860 2804 etiam
2903 2729 3205 2806 oratori
3261 2755 3436 2811 ne·

1074 2833 1402 2921 ceffiria.
1543 2833 1946 2944 Siquidem
2004 2840 2136 2920 (ut
2166 2831 2553 2931 diximus)
2611 2835 2773 2915 haec
2835 2861 3153 2948 quoque
3212 2865 3436 2947 pars

1063 2976 1254 3061 ⁴quat
1288 2952 1384 3031 ab
1425 2949 1858 3030 oratoribus
1910 2941 2169 3025 relicta
2189 2997 2214 3035 ‚
2281 2971 2324 3024 a
2371 2945 2853 3055 philosophis
2904 2949 3015 3030 est
3058 2976 3446 3059 occupa-

1072 3085 1202 3155 ta,
1252 3061 1495 3143 nostri
1547 3063 1807 3169 operis
1862 3056 2060 3137 fuit:
2128 3084 2217 3136 ac
2267 3054 2425 3137 fine
2477 3064 2841 3143 omnium
2895 3060 3173 3145 talium
3251 3065 3452 3150 sci-

1062 3176 1290 3270 ffentia
1329 3201 1493 3259 non
1530 3172 1788 3283 potest
1822 3169 1968 3253 esse
2001 3169 2338 3279 perfec'ta
2379 3170 2841 3282 eloquentia.
2936 3180 3199 3284 Atque
3234 3178 3450 3263 cla-

1067 3302 1209 3374 ros
1260 3291 1583 3370 nomine
1625 3285 2009 3393 sapientia.-
2050 3285 2256 3368 viros
2283 3339 2306 3378 ,
2347 3311 2588 3367 nemo
2642 3284 3101 3371 dubitaverit
3152 3285 3468 3375 studi-

1072 3397 1254 3483 osos
1283 3397 1608 3481 musices
1644 3397 1857 3480 fuisse
1877 3453 1903 3488 ‚
1953 3422 2206 3591 quum
2253 3399 2720 3506 Pythagoras
2776 3423 3008 3512 atque
3059 3427 3253 3483 eum
3307 3405 3466 3489 se-

1070 3513 1278 3604 cuti,
1330 3530 1729 3618 acceptam
1763 3507 1923 3591 fine
2020 3509 2208 3591 ubio
2245 3515 2666 3623 antiquitus
2709 3516 3171 3620 opinionem
3216 3521 3470 3604 vul-

1065 3627 1466 3736 gaverint,
1520 3620 1910 3704 mundum
1951 3620 2215 3730 §ipsum
2267 3625 2428 3728 ejus
2474 3629 2775 3709 ratione
2807 3624 2953 3707 effe
3002 3633 3467 3737 compost.

1067 3759 1285 3832 tum3
1349 3758 1589 3845 quam
1631 3731 1907 3842 'postea
1962 3735 2055 3818 fit
2097 3735 2266 3844 lyra
2320 3739 2639 3842 imitata.
2734 3745 2904 3824 Nec
2957 3740 3094 3822 illa
3131 3746 3478 3829 modo

1063 3850 1419 3933 contenti
1453 3843 1942 3932 diffim'ilium
1985 3847 2404 3932 concordia
2432 3910 2458 3945 ‚
2533 3879 2771 3966 quam
2822 3875 3109 3937 vocant
3167 3856 3486 3956 ἑρμσ·

1057 3960 1200 4046 νῖαν
1226 4016 1253 4056 ‚
1315 3959 1593 4047 sonum
1658 3989 1976 4077 quoque
2040 3962 2160 4046 his
2231 3968 2575 4051 motibus
2646 3962 3082 4068 dederuntff-
3171 3971 3482 4057 Nam

2551 4147 2558 4156 ,
3164 4081 3501 4175 Plato
