3557 5113
711 248 939 394 ’48
1243 210 1495 359 wM.
1602 214 3113 378 FA1311JQ1Ncr1L1AN1

640 545 775 631 ‚CA
797 557 861 623 Ρ.
911 543 1008 626 V.
1058 533 1266 622 lusu?
1334 539 1414 619 ὃ(
1458 533 1630 617 ditis
1677 534 1860 644 quia
1898 531 2225 617 minime
2261 525 2529 610 dives?
2623 531 2976 607 Etiamne
3014 523 3379 606 hominem

1052 648 1466 761 appellari,
1533 650 1715 756 quia
1764 642 1854 726 sit
1897 643 2145 724 humo
2187 642 2453 723 natus?
2520 639 2779 749 (quasi
2826 666 3017 721 vero
3064 665 3230 718 non
3284 665 3383 719 o-

1056 764 1369 851 mnibus
1429 757 1884 843 animalibus
1930 752 2206 839 eadem
2251 757 2480 861 origo
2502 810 2525 846 ,
2581 774 2712 832 aut
2748 752 2864 833 illi
2904 754 3145 860 primi
3161 778 3383 830 mor-

1061 876 1251 960 tales
1308 895 1487 961 ante
1531 899 1827 955 nomen
1875 866 2385 977 imposuerint
2445 889 2713 957 terrae,
2767 892 3006 973 quam
3038 861 3219 960 fibi)
3289 869 3383 946 δε

1061 984 1282 1073 verba
1304 1044 1326 1082 ,
1382 989 1476 1073 ab
1538 1013 1711 1068 aere
1753 981 2163 1066 verberato
2206 979 2229 1062 ἒ
2294 983 2704 1088 Pergamus
2743 1010 2759 1058 ε
2827 977 2930 1060 fic
2972 978 3384 1085 pervenie-

1065 1130 1241 1184 mus
1284 1099 1619 1207 eousque
1661 1119 1746 1178 ut
1762 1096 1971 1202 stella
1996 1150 2017 1179 ‚
2077 1093 2392 1175 luminis
2433 1091 2629 1171 stilla
2667 1089 3060 1172 credatur:
3156 1093 3383 1190 cujus

1062 1214 1567 1321 etymologiae
1619 1209 2017 1291 auctorem
2040 1259 2064 1297 ,
2114 1205 2412 1288 clarum
2447 1202 2617 1285 sane
2653 1206 2736 1281 in
2769 1202 3008 1283 literis
3033 1257 3057 1294 ,
3114 1204 3384 1282 nomi-

1063 1327 1232 1408 nari
1271 1353 1362 1405 ea
1405 1346 1622 1432 parte
1672 1348 1826 1432 qua
1873 1347 1917 1399 a
1971 1344 2103 1398 me
2152 1312 2744 1424 reprehenditur
2777 1370 2801 1406 ‚
2857 1315 3384 1396 inhumanum

1067 1437 1198 1519 est.
1292 1439 1450 1538 Qui
1491 1461 1684 1518 vero
1720 1434 1900 1514 talia
1950 1428 2162 1510 libris
2206 1428 2603 1535 complexi
2639 1425 2852 1518 sunt,
2892 1430 3213 1507 nomina
3242 1425 3381 1507 sua

1066 1547 1210 1657 ipsi
1261 1546 1856 1653 inscripserunt:
1923 1540 2465 1651 ingenioseque
2533 1538 2669 1619 fibi
2728 1538 2926 1621 visus
2981 1539 3090 1619 est
3147 1542 3387 1641 Cajus

1074 1663 1409 1742 Granius
1479 1656 1750 1741 coelibes
1825 1652 2104 1769 dicere⁸
2174 1653 2419 1735 veluti
2516 1655 2775 1736 coelites
2811 1708 2833 1744 ,
2883 1650 3099 1761 quod
3134 1677 3390 1733 onere

1069 1766 1517 1879 gravissimo
1567 1788 1842 1878 vacent
1873 1821 1897 1857 ‚
1957 1762 2191 1871 idque
2249 1770 2530 1846 Graeco·
2579 1785 3063 1871 argumento.
3171 1760 3398 1856 ἦιθὲες

1070 1886 1287 1963 enim
1342 1881 1616 1962 eadem
1677 1878 1775 1962 de
1832 1874 2049 1961 causa
2107 1874 2262 1960 dici
2311 1876 2670 1959 affirmat.
2833 1883 3002 1958 Nec
3049 1878 3123 1955 ei
3171 1874 3394 1960 cedit

1070 1992 1468 2079 Modestus
1518 1995 1986 2077 inventione.
2075 2017 2260 2071 nam
2317 1993 2501 2099 quia
2558 1986 2788 2071 Coelo
2829 1994 3193 2069 Saturnus
3248 2016 3397 2095 ge·-

950 2186 951 2191 Ν
1069 2105 1336 2189 nitalia
1381 2103 1822 2198 absciderit,
1883 2102 2036 2182 hoc
2094 2105 2417 2185 nomine
2478 2100 2904 2209 appellatos
2946 2103 3083 2209 qui
3132 2128 3393 2183 uxore

1070 2238 1399 2300 careant.
1521 2222 1630 2300 At
1682 2217 1776 2300 L.
1847 2214 2090 2297 AElius
2131 2223 2490 2328 pituitam
2526 2268 2550 2307 ‚
2614 2218 2796 2320 quia
2849 2234 3064 2321 petat
3113 2216 3392 2296 vitam.

1069 2326 1220 2412 Sed
1255 2333 1380 2410 cui
1419 2355 1585 2410 non
1627 2326 1802 2436 post
1864 2332 2307 2409 Varronem
2370 2324 2459 2408 fit
2512 2329 2737 2407 venia
2760 2379 2781 2415 ‚
2885 2329 3021 2433 qui
3081 2331 3337 2438 agrum
3358 2383 3390 2414 ‚

1070 2439 1289 2549 quod
1328 2446 1410 2524 in
1461 2468 1559 2525 eo
1610 2470 1652 2524 a
1708 2462 1879 2522 atur
1912 2435 2206 2547 aliquid
2244 2470 2260 2520 ε
2356 2443 2437 2521 ὅ(
2476 2441 2854 2549 graculos,
2893 2441 3073 2547 quia
3110 2465 3390 2546 grega-

1011 2568 1026 2582 '
1074 2558 1225 2636 tim
1278 2554 1584 2644 volent,
1632 2468 1877 2636 <iiiios
1898 2606 1922 2645 ‚
1975 2553 2339 2645 Ciceroni
2380 2548 2832 2658 persuadere
2890 2550 3179 2647 voluit;
3234 2550 3391 2648 (ad

1071 2691 1258 2748 eum
1296 2670 1508 2748 enirn
1544 2666 1849 2762 scribit)
1897 2689 2082 2746 cum
2119 2662 2452 2745 alterum
2504 2690 2605 2743 ex
2664 2667 2945 2745 Graeco
2983 2661 3074 2743 sit
3136 2666 3392 2745 mani-

1071 2774 1356 2859 festum
1417 2775 1660 2869 duci,
1725 2775 2063 2858 alterurn
2121 2803 2221 2864 ex
2277 2776 2595 2859 vocibus
2655 2775 2958 2858 avium?
3025 2773 3173 2858 Sed
3227 2775 3389 2858 hoc

1076 2890 1270 2974 tanti
1320 2887 1465 2972 fuit
1508 2913 1813 2974 vertere
1849 2942 1872 2981 ‚
1895 2881 2022 2971 'ut‘
2053 2890 2373 2998 merula,
2432 2890 2611 2995 quia
2653 2886 2812 2971 sola
2851 2886 3062 2970 volat
3083 2941 3106 2978 ‚
3173 2886 3388 2995 quast

1075 3027 1294 3082 mera
1359 3000 1629 3086 volans
1696 3002 2254 3084 nominaretur.
2387 2997 2732 3106 Qidam
2777 3026 2944 3082 non
2986 2997 3391 3082 dubitave-

1070 3123 1259 3197 runt
1314 3112 1813 3222 etymologiae
1867 3090 2230 3214 subjicere
2271 3133 2596 3194 omnem
2636 3115 2977 3194 nominis
3020 3111 3328 3193 causam
3365 3144 3390 3196 ε

1077 3245 1170 3310 ut
1216 3251 1317 3311 ex
1353 3224 1617 3310 habitu
1641 3282 1664 3321 ,
1714 3197 2390 3338 quemadmodum
2450 3224 2656 3312 dixi,
2689 3232 2965 3335 Longus
3000 3229 3079 3308 &
3115 3227 3340 3327 Rufi&
3357 3260 3392 3306 .-

1083 3364 1185 3422 ex
1239 3336 1430 3420 sono
1472 3369 1490 3419 :
1518 3340 1821 3443 stertere
1834 3395 1855 3423 ‚
1898 3365 2349 3424 murmurare
2366 3372 2394 3417 .-
2507 3338 2747 3419 etiam
2785 3336 3123 3421 derivata
3147 3392 3168 3423 ‚
3187 3431 3193 3438 ⁶
3209 3358 3299 3415 ut
3337 3362 3396 3420 a.

1084 3450 1458 3534 ‘uelocitate
1492 3447 1774 3532 dicitur
1811 3453 2023 3531 ’velox
2040 3485 2063 3528 .·
2141 3456 2221 3533 &
2262 3446 2688 3557 compofita
2727 3447 3096 3559 pleraque
3144 3448 3261 3529 his
3295 3446 3399 3530 si-

1085 3558 1346 3652 milia,
1401 3585 1571 3671 quae
1608 3559 1764 3642 fine
1820 3560 2061 3643 dubio
2109 3557 2417 3644 aliunde
2468 3562 2859 3672 originem
2896 3559 3188 3643 ducunt
3210 3616 3234 3651 ,
3257 3559 3400 3642 sed

1088 3692 1256 3754 arte
1287 3696 1451 3752 non
1484 3694 1753 3783 egent3
1831 3675 2044 3775 eujus
2085 3674 2166 3756 in
2197 3672 2350 3756 hoc
2385 3699 2624 3783 opere
2658 3699 2822 3757 non
2858 3671 2967 3756 est
3023 3672 3193 3785 usus
3247 3670 3404 3756 nist

1086 3781 1173 3866 in
1241 3778 1510 3868 dubiis.
1606 3784 1866 3870 Verba
1921 3812 1966 3868 a
2019 3784 2393 3872 vetustate
2452 3788 2781 3895 repetita
2802 3840 2826 3878 ,
2904 3811 3070 3868 non
3132 3781 3406 3872 solum

1084 3918 1413 4003 magnos
1456 3892 1850 3982 affertores
1891 3894 2174 3983 habent
2189 3954 2214 3996 ‚
2263 3894 2394 3981 std
2439 3899 2679 3983 etiarn
2726 3894 3055 3980 afferunt
3079 3893 3410 3981 ‘oratio-

1086 4005 1190 4095 ni
1204 4004 1686 4120 majestatem
1706 4005 2092 4123 aliquam,
2144 4029 2312 4102 non
2347 4005 2508 4095 fine
2558 4008 3069 4095 delectatione
3110 4040 3130 4094 :
3197 4034 3418 4104 nam„
