3557 5113
346 226 577 388 De
622 216 1059 428 bfflit·
1104 225 1826 410 Oratoria,
1864 221 2318 390 Lib.1‘.·
2626 262 2790 379 27.

211 549 387 634 aliud
420 544 886 634 vocabulum
929 547 1219 636 faciunt
1240 610 1264 646 ,
1328 580 1637 638 novem.
1728 551 2258 642 Nihilomimis
2295 558 2463 642 fue-
2488 598 2654 675 CA,
2740 592 2871 675 lv·

211 689 362 745 runt
416 667 550 776 qui
624 663 874 771 ipsum
942 664 1193 748 adhuc
1251 668 1719 750 vocabulum
1777 671 1873 750 ab
1947 673 2474 778 appellatione
2661 654 2678 673 ⁶
2774 683 2782 690 ’
2852 680 2876 692 ”

208 774 660 859 diducerent:
745 799 831 856 ut
874 776 1055 858 effet
1113 780 1618 873 vocabulum,
1679 807 1959 890 corpus
2007 783 2171 865 visu
2225 786 2460 866 tanstu-

209 915 331 996 que
380 889 869 969 manifestum
891 946 913 979 ‚
966 891 1246 976 domus,
1295 896 1546 973 leHus}
1625 893 2043 1000 appellatio
2064 950 2087 986 ,
2153 900 2276 977 cui
2331 896 2459 979 vel

206 1001 501 1083 alterum
564 1000 775 1080 deest
814 1056 838 1091 ‚
891 1004 1021 1083 vel
1077 1028 1494 1113 utrumque
1523 1061 1547 1096 ‚
1599 1031 1850 1086 ventus
1867 1065 1888 1091 ,
1936 1011 2179 1090 calum
2197 1058 2224 1092 ‚-
2241 1009 2454 1092 deus.

203 1122 422 1195 virtus.
533 1111 1019 1213 Adjiciebant
1073 1119 1149 1198 &
1195 1114 1846 1200 adseverationem
1882 1175 1904 1210 ‚
1969 1143 2054 1200 ut
2113 1120 2251 1202 heu
2272 1156 2298 1199 .·
2373 1123 2457 1202 &

202 1228 784 1306 attrectationem
808 1282 830 1316 ,
893 1248 979 1307 ut
1004 1230 1402 1336 fisteatim.
1462 1257 1633 1337 qua:
1694 1231 1891 1308 mihi
1949 1258 2113 1311 non
2172 1259 2455 1340 appro-

201 1337 461 1418 bantur.
553 1337 1044 1419 Vocabulum
1063 1397 1085 1430 ,
1139 1370 1237 1420 an
1266 1340 1680 1449 appellatio
1721 1339 2042 1422 dicenda
2079 1341 2170 1422 fit
2211 1376 2452 1453 προσ-η·

198 1458 415 1557 yogiae,
458 1455 532 1530 ὅ(
583 1449 1043 1554 subjicienda
1082 1456 1384 1534 nomini
1418 1508 1441 1543 ,
1504 1474 1791 1545 necne,
1835 1457 2014 1561 quia
2057 1458 2279 1560 parvi
2338 1482 2457 1536 re-

205 1559 337 1640 fert
358 1617 379 1653 ,
426 1560 750 1642 liberum
784 1566 1207 1672 opinaturis
1250 1564 1627 1673 relinquo.
1719 1567 2063 1644 Nomina
2128 1564 2459 1647 declina·

196 1699 274 1751 re
306 1677 375 1755 ὅ(
419 1675 646 1758 verba
713 1677 1063 1782 inprimis
1136 1679 1357 1782 pueri
1400 1675 1631 1757 sciant
1671 1710 1689 1757 ε
1755 1703 2010 1785 neque
2066 1680 2279 1756 enim
2319 1677 2455 1757 ali-

200 1806 301 1864 ter
376 1789 779 1895 pervenire
841 1786 938 1866 ad
1013 1787 1491 1868 intellectum
1566 1787 2051 1899 sequentium
2122 1788 2449 1895 possunt.

201 1898 375 2004 quod
440 1902 680 1979 etiarn
750 1923 1073 1979 monere
1133 1898 1687 2006 supervacuum
1740 1922 1904 1980 erat
1939 1955 1963 1991 ‚
2025 1898 2166 1980 nifi
2213 1900 2455 1981 ambi-

199 2011 352 2090 tiola
397 2009 880 2091 festinatione
920 2012 1271 2120 plerique
1321 2039 1365 2091 a
1402 2013 1948 2118 posterioribus
1983 2014 2450 2119 inciperent:

193 2124 255 2200 ὅ(
322 2121 504 2203 dum
599 2122 979 2203 ostentare
1055 2122 1464 2230 discipulos
1521 2127 1720 2205 circa
1787 2121 2236 2230 speciosiora
2290 2152 2455 2204 ma-

187 2232 339 2312 lunt
362 2289 383 2324 ,
422 2233 890 2341 compendio
927 2228 1438 2325 morarentur.
1540 2241 1652 2317 At
1698 2234 1755 2315 fi
1808 2238 1981 2343 quis
2038 2240 2116 2315 &
2169 2233 2482 2333 didice-¹

188 2346 286 2424 rit
322 2344 520 2438 latis,
574 2352 648 2428 δι
704 2344 971 2457 (quod
1017 2372 1179 2427 non
1224 2348 1481 2427 minus
1536 2345 1781 2431 deesse
1824 2349 2141 2426 interim
2205 2344 2450 2446 solet)

187 2454 506 2539 voluerit
546 2455 819 2540 docere
857 2486 1025 2568 quae
1062 2457 1330 2539 didicit
1349 2515 1375 2550 ‚
1434 2486 1598 2540 non
1658 2461 1809 2538 erit
1849 2477 2258 2538 contentus
2299 2481 2450 2540 tra-

182 2565 351 2650 dere
400 2573 477 2651 in
530 2569 974 2653 nominibus
1029 2571 1173 2652 tria
1208 2599 1492 2680 genera
1529 2627 1552 2663 ,
1633 2576 1712 2655 &
1751 2598 1922 2679 quae
1964 2568 2111 2650 fint
2150 2568 2451 2654 duobus

185 2683 605 2766 omnibusve
647 2685 1114 2764 communia.
1211 2689 1378 2764 Nec
1419 2683 1678 2764 statim
1719 2682 2177 2793 diligentem
2226 2707 2452 2791 puta·

190 2790 319 2884 bo,
368 2801 496 2902 qui
558 2795 993 2902 promiscua
1015 2848 1037 2886 ‚
1106 2821 1279 2904 quae,
1334 2799 1681 2903 epicoena
1743 2794 2145 2887 dicuntur,
2197 2796 2452 2876 osten·

188 2901 395 2996 derit,
446 2911 528 2988 in
571 2906 848 3016 quibus
905 2907 1112 2988 secus
1153 2930 1477 3014 uterque
1516 2889 1659 3018 p'er
1698 2908 2028 2989 alterum
2085 2929 2443 3014 apparet?-

184 3039 296 3095 aut
333 3045 491 3125 quae
522 3020 940 3100 foeminina
977 3017 1361 3127 politione
1415 3048 1666 3101 mares
1688 3074 1712 3110 ‚
1767 3041 1901 3100 aut
1940 3019 2269 3100 neutrali
2305 3019 2447 3101 foe·

182 3131 406 3209 minas
436 3128 900 3238 fignificant:
980 3131 1229 3240 qualia
1266 3129 1435 3212 sunt
1456 3189 1479 3222 ‚
1522 3143 1837 3214 Murena
1852 3188 1875 3223 ‚
1918 3138 1996 3212 ὅ(
2040 3134 2444 3242 Glycerium.

180 3243 623 3322 Scrutabitur
670 3244 884 3324 mille
941 3255 1370 3352 praeceptor
1430 3271 1604 3323 acer
1656 3265 1888 3351 atque
1951 3241 2236 3321 subtilis
2296 3244 2454 3321 ori-

186 3356 364 3455 gines
398 3359 848 3436 nominum:
917 3377 1003 3435 ut
1058 3383 1228 3464 quae
1269 3381 1367 3435 ex
1425 3353 1690 3436 habitu
1744 3356 2093 3461 corporis
2114 3408 2138 3444 ,
2182 3361 2445 3434 Cicero-

191 3493 314 3549 nes,
353 3468 572 3574 Rufts
587 3524 610 3553 ‚
654 3482 1063 3580 Longosque
1101 3468 1447 3550 fecerunt
1484 3500 1500 3547 :
1566 3465 1733 3564 (nifi
1777 3470 1921 3547 erit
1964 3465 2173 3546 aliud
2209 3466 2447 3554 secref-

194 3577 316 3654 tius
333 3636 353 3667 ,
388 3583 552 3690 Syffae
571 3637 593 3665 ‚
640 3580 937 3665 Burrbi,
983 3580 1204 3662 Galba
1225 3635 1247 3664 ‚
1286 3583 1577 3665 Planci,
1621 3581 1850 3685 Panfi
1868 3635 1891 3664 ‚
1938 3586 2184 3660 Scauri
2205 3634 2228 3668 ,
2257 3577 2445 3656 alia-

190 3701 372 3791 que)
418 3696 482 3770 &
518 3722 614 3773 ex
670 3691 846 3773 casu
894 3691 1408 3788 nascentium3
1464 3692 1645 3784 hinc
1704 3700 2017 3803 Agrippa
2078 3695 2170 3770 8(-
2211 3697 2448 3801 opiter

175 3801 259 3879 ὅ(
307 3805 537 3883 Cordus
586 3812 674 3888 δ(
728 3805 1097 3910 Pqstumus
1131 3825 1380 3885 erunt.
1440 3808 1518 3883 &
1560 3832 1656 3884 ex
1711 3805 1800 3884 iis
1858 3830 2029 3912 quae
2088 3801 2261 3909 post
2319 3829 2450 3881 na-

164 3932 277 3993 tos
325 3920 727 4014 eveniunt5
812 3912 1023 3997 unde
1077 3919 1403 4033 Vopiscus.
1499 3916 1679 4025 Jam
1737 3932 1936 3998 Cottae
1963 3972 1986 4001 ‚
2059 3922 2408 4029 Scipiones
2421 3967 2446 3997 ,

150 4038 468 4122 mate-r,
520 4035 802 4138 seran}
892 4026 1065 4140 funt
1153 4058 1253 4116 ex
1301 4029 1529 4112 variis
1568 4026 1825 4137 causis⁸¹
1913 4027 2203 4136 Gentes
2256 4048 2452 4131 quo-

1345 4143 1425 4224 D
1471 4163 1508 4245 3
2285 4158 2450 4249 que
