<?xml version="1.0" encoding="UTF-8"?>
<!DOCTYPE html PUBLIC "-//W3C//DTD XHTML 1.0 Transitional//EN"
    "http://www.w3.org/TR/xhtml1/DTD/xhtml1-transitional.dtd">
<html xmlns="http://www.w3.org/1999/xhtml" xml:lang="en" lang="en">
 <head>
  <title>
</title>
<meta http-equiv="Content-Type" content="text/html;charset=utf-8" />
  <meta name='ocr-system' content='tesseract 3.04.00' />
  <meta name='ocr-capabilities' content='ocr_page ocr_carea ocr_par ocr_line ocrx_word'/>
</head>
<body>
  <div class='ocr_page' id='page_1' title='image "./deinstitutioneo00obregoog_0489.png"; bbox 0 0 3557 5113; ppageno 0'>
   <div class='ocr_carea' id='block_1_1' title="bbox 271 138 2783 358">
    <p class='ocr_par' dir='ltr' id='par_1_1' title="bbox 271 138 2783 358">
     <span class='ocr_line' id='line_1_1' title="bbox 271 138 2783 358; baseline -0.006 -41"><span class='ocrx_word' id='word_1_1' title='bbox 271 142 503 317; x_wconf 85' lang='lat' dir='ltr'>De</span> <span class='ocrx_word' id='word_1_2' title='bbox 535 138 984 358; x_wconf 73' lang='lat' dir='ltr'>instit.</span> <span class='ocrx_word' id='word_1_3' title='bbox 1031 146 1773 350; x_wconf 62' lang='lat' dir='ltr'>Oratoria,</span> <span class='ocrx_word' id='word_1_4' title='bbox 1812 142 2124 321; x_wconf 80' lang='lat' dir='ltr'>Lib.</span> <span class='ocrx_word' id='word_1_5' title='bbox 2159 150 2409 345; x_wconf 89' lang='lat' dir='ltr'>VI.</span> <span class='ocrx_word' id='word_1_6' title='bbox 2569 166 2783 302; x_wconf 82' lang='lat'>345</span> 
     </span>
    </p>
   </div>
   <div class='ocr_carea' id='block_1_2' title="bbox 158 462 2833 3954">
    <p class='ocr_par' dir='ltr' id='par_1_2' title="bbox 158 462 2833 3954">
     <span class='ocr_line' id='line_1_2' title="bbox 216 462 2833 589; baseline 0.005 -30"><span class='ocrx_word' id='word_1_7' title='bbox 216 476 382 563; x_wconf 66' lang='lat' dir='ltr'>fado</span> <span class='ocrx_word' id='word_1_8' title='bbox 413 474 528 558; x_wconf 38' lang='lat' dir='ltr'>est*</span> <span class='ocrx_word' id='word_1_9' title='bbox 555 474 952 589; x_wconf 59' lang='lat' dir='ltr'>&#39;quicquid</span> <span class='ocrx_word' id='word_1_10' title='bbox 1001 462 1387 565; x_wconf 86' lang='lat' dir='ltr'>volumus.</span> <span class='ocrx_word' id='word_1_11' title='bbox 1451 506 1613 562; x_wconf 89' lang='lat' dir='ltr'>non</span> <span class='ocrx_word' id='word_1_12' title='bbox 1655 478 2003 565; x_wconf 87' lang='lat' dir='ltr'>admittit</span> <span class='ocrx_word' id='word_1_13' title='bbox 2054 484 2210 567; x_wconf 89' lang='lat' dir='ltr'>hoc</span> <span class='ocrx_word' id='word_1_14' title='bbox 2257 484 2475 573; x_wconf 88' lang='lat' dir='ltr'>idem</span> <span class='ocrx_word' id='word_1_15' title='bbox 2559 475 2748 557; x_wconf 64' lang='lat' dir='ltr'>CA?-</span> <span class='ocrx_word' id='word_1_16' title='bbox 2780 479 2833 555; x_wconf 84' lang='lat'>1·</span> 
     </span>
     <span class='ocr_line' id='line_1_3' title="bbox 217 589 2477 702; baseline 0.004 -25"><span class='ocrx_word' id='word_1_17' title='bbox 217 594 452 677; x_wconf 77' lang='lat' dir='ltr'>veritas</span> <span class='ocrx_word' id='word_1_18' title='bbox 503 589 684 672; x_wconf 83' lang='lat' dir='ltr'>fori.</span> <span class='ocrx_word' id='word_1_19' title='bbox 789 595 1266 702; x_wconf 87' lang='lat' dir='ltr'>Egregieque</span> <span class='ocrx_word' id='word_1_20' title='bbox 1323 592 1611 676; x_wconf 80' lang='lat' dir='ltr'>eamus</span> <span class='ocrx_word' id='word_1_21' title='bbox 1669 601 1994 679; x_wconf 88' lang='lat' dir='ltr'>Severus</span> <span class='ocrx_word' id='word_1_22' title='bbox 2050 598 2338 682; x_wconf 89' lang='lat' dir='ltr'>dicenti</span> <span class='ocrx_word' id='word_1_23' title='bbox 2394 631 2477 685; x_wconf 91' lang='lat' dir='ltr'>a-</span> 
     </span>
     <span class='ocr_line' id='line_1_4' title="bbox 221 702 2476 817; baseline 0.005 -34"><span class='ocrx_word' id='word_1_24' title='bbox 221 702 749 796; x_wconf 81' lang='lat' dir='ltr'>dolescentulo,</span> <span class='ocrx_word' id='word_1_25' title='bbox 802 709 1025 817; x_wconf 72' lang='lat' dir='ltr'>,Qid</span> <span class='ocrx_word' id='word_1_26' title='bbox 1067 737 1182 786; x_wconf 83' lang='lat' dir='ltr'>me</span> <span class='ocrx_word' id='word_1_27' title='bbox 1225 732 1428 788; x_wconf 68' lang='lat' dir='ltr'>torvo</span> <span class='ocrx_word' id='word_1_28' title='bbox 1482 709 1698 789; x_wconf 65' lang='lat' dir='ltr'>*vultu</span> <span class='ocrx_word' id='word_1_29' title='bbox 1735 717 2106 797; x_wconf 68' lang='lat' dir='ltr'>intueris,</span> <span class='ocrx_word' id='word_1_30' title='bbox 2179 728 2455 796; x_wconf 70' lang='lat' dir='ltr'>Severe</span> <span class='ocrx_word' id='word_1_31' title='bbox 2443 723 2476 779; x_wconf 64' lang='grc' dir='ltr'><strong><em>Ρ</em></strong></span> 
     </span>
     <span class='ocr_line' id='line_1_5' title="bbox 220 817 2480 937; baseline 0.006 -42"><span class='ocrx_word' id='word_1_32' title='bbox 220 829 353 896; x_wconf 77' lang='lat' dir='ltr'>Non</span> <span class='ocrx_word' id='word_1_33' title='bbox 387 848 493 899; x_wconf 86' lang='lat' dir='ltr'>me</span> <span class='ocrx_word' id='word_1_34' title='bbox 559 817 900 909; x_wconf 78' lang='lat' dir='ltr'><em>hercule,</em></span> <span class='ocrx_word' id='word_1_35' title='bbox 973 821 1290 928; x_wconf 86' lang='lat' dir='ltr'>inquit,</span> <span class='ocrx_word' id='word_1_36' title='bbox 1363 817 1776 926; x_wconf 66' lang='lat' dir='ltr'>ficiebam,</span> <span class='ocrx_word' id='word_1_37' title='bbox 1810 824 1904 928; x_wconf 89' lang='lat' dir='ltr'><em>s</em></span> <span class='ocrx_word' id='word_1_38' title='bbox 1902 824 1962 902; x_wconf 90' lang='lat' dir='ltr'>d</span> <span class='ocrx_word' id='word_1_39' title='bbox 1965 824 2049 929; x_wconf 93' lang='lat' dir='ltr'><em>s</em></span> <span class='ocrx_word' id='word_1_40' title='bbox 2013 854 2075 903; x_wconf 87' lang='lat' dir='ltr'><em>c</em></span> <span class='ocrx_word' id='word_1_41' title='bbox 2103 827 2480 937; x_wconf 68' lang='lat' dir='ltr'>strtpfistt‘,</span> 
     </span>
     <span class='ocr_line' id='line_1_6' title="bbox 211 931 2477 1043; baseline 0.004 -33"><span class='ocrx_word' id='word_1_42' title='bbox 211 959 388 1020; x_wconf 81' lang='lat' dir='ltr'>ccce·</span> <span class='ocrx_word' id='word_1_43' title='bbox 461 935 540 1010; x_wconf 87' lang='lat'>&amp;</span> <span class='ocrx_word' id='word_1_44' title='bbox 581 956 818 1037; x_wconf 87' lang='lat' dir='ltr'>quam</span> <span class='ocrx_word' id='word_1_45' title='bbox 868 936 1173 1040; x_wconf 89' lang='lat' dir='ltr'>potuit,</span> <span class='ocrx_word' id='word_1_46' title='bbox 1227 931 1867 1012; x_wconf 80' lang='lat' dir='ltr'>truculentissime</span> <span class='ocrx_word' id='word_1_47' title='bbox 1929 962 2113 1015; x_wconf 87' lang='lat' dir='ltr'>eum</span> <span class='ocrx_word' id='word_1_48' title='bbox 2166 938 2477 1043; x_wconf 83' lang='lat' dir='ltr'><strong>aspexit.</strong></span> 
     </span>
     <span class='ocr_line' id='line_1_7' title="bbox 215 987 2479 1152; baseline 0.004 -33"><span class='ocrx_word' id='word_1_49' title='bbox 215 987 386 1121; x_wconf 74' lang='lat' dir='ltr'>illud</span> <span class='ocrx_word' id='word_1_50' title='bbox 420 1045 805 1148; x_wconf 84' lang='lat' dir='ltr'>praecipue</span> <span class='ocrx_word' id='word_1_51' title='bbox 847 1036 1396 1133; x_wconf 89' lang='lat' dir='ltr'>monendum,</span> <span class='ocrx_word' id='word_1_52' title='bbox 1460 1071 1560 1123; x_wconf 89' lang='lat' dir='ltr'>ne</span> <span class='ocrx_word' id='word_1_53' title='bbox 1623 1047 1795 1152; x_wconf 87' lang='lat' dir='ltr'>quis</span> <span class='ocrx_word' id='word_1_54' title='bbox 1834 1043 1973 1124; x_wconf 78' lang='lat' dir='ltr'>nist</span> <span class='ocrx_word' id='word_1_55' title='bbox 2006 1045 2379 1128; x_wconf 89' lang='lat' dir='ltr'>summis</span> <span class='ocrx_word' id='word_1_56' title='bbox 2360 1078 2479 1129; x_wconf 77' lang='lat' dir='ltr'>ln-</span> 
     </span>
     <span class='ocr_line' id='line_1_8' title="bbox 215 1150 2472 1262; baseline 0.004 -30"><span class='ocrx_word' id='word_1_57' title='bbox 215 1157 390 1260; x_wconf 77' lang='lat' dir='ltr'>genn&#39;</span> <span class='ocrx_word' id='word_1_58' title='bbox 424 1154 714 1235; x_wconf 86' lang='lat' dir='ltr'>viribus</span> <span class='ocrx_word' id='word_1_59' title='bbox 771 1150 875 1235; x_wconf 88' lang='lat' dir='ltr'>ad</span> <span class='ocrx_word' id='word_1_60' title='bbox 910 1153 1336 1236; x_wconf 88' lang='lat' dir='ltr'>movendas</span> <span class='ocrx_word' id='word_1_61' title='bbox 1383 1154 1764 1262; x_wconf 84' lang='lat' dir='ltr'>lacrymas</span> <span class='ocrx_word' id='word_1_62' title='bbox 1826 1158 2139 1261; x_wconf 85' lang='lat' dir='ltr'>aggredi</span> <span class='ocrx_word' id='word_1_63' title='bbox 2179 1160 2472 1243; x_wconf 85' lang='lat' dir='ltr'><strong>audeat.</strong></span> 
     </span>
     <span class='ocr_line' id='line_1_9' title="bbox 214 1263 2577 1375; baseline 0.003 -29"><span class='ocrx_word' id='word_1_64' title='bbox 214 1269 392 1346; x_wconf 85' lang='lat' dir='ltr'>Nam</span> <span class='ocrx_word' id='word_1_65' title='bbox 436 1289 523 1345; x_wconf 90' lang='lat' dir='ltr'>ut</span> <span class='ocrx_word' id='word_1_66' title='bbox 566 1265 677 1347; x_wconf 88' lang='lat' dir='ltr'>est</span> <span class='ocrx_word' id='word_1_67' title='bbox 717 1265 950 1375; x_wconf 91' lang='lat' dir='ltr'>longe</span> <span class='ocrx_word' id='word_1_68' title='bbox 990 1263 1703 1349; x_wconf 77' lang='lat' dir='ltr'>vehementiffnnus</span> <span class='ocrx_word' id='word_1_69' title='bbox 1749 1266 1879 1347; x_wconf 83' lang='lat' dir='ltr'>hic</span> <span class='ocrx_word' id='word_1_70' title='bbox 1934 1294 2118 1348; x_wconf 89' lang='lat' dir='ltr'>cum</span> <span class='ocrx_word' id='word_1_71' title='bbox 2149 1270 2473 1354; x_wconf 86' lang='lat' dir='ltr'>invaluit</span> <span class='ocrx_word' id='word_1_72' title='bbox 2573 1322 2577 1326; x_wconf 59' lang='lat'>&gt;</span> 
     </span>
     <span class='ocr_line' id='line_1_10' title="bbox 214 1375 2471 1487; baseline 0.004 -30"><span class='ocrx_word' id='word_1_73' title='bbox 214 1375 549 1464; x_wconf 75' lang='lat' dir='ltr'>affestus,</span> <span class='ocrx_word' id='word_1_74' title='bbox 625 1381 732 1457; x_wconf 86' lang='lat' dir='ltr'>ita</span> <span class='ocrx_word' id='word_1_75' title='bbox 776 1375 837 1458; x_wconf 84' lang='lat' dir='ltr'><strong>fi</strong></span> <span class='ocrx_word' id='word_1_76' title='bbox 904 1378 1105 1461; x_wconf 84' lang='lat' dir='ltr'>nihil</span> <span class='ocrx_word' id='word_1_77' title='bbox 1161 1377 1470 1470; x_wconf 87' lang='lat' dir='ltr'>efficit,</span> <span class='ocrx_word' id='word_1_78' title='bbox 1541 1399 1824 1485; x_wconf 88' lang='lat' dir='ltr'>tepet·</span> <span class='ocrx_word' id='word_1_79' title='bbox 1891 1405 2131 1487; x_wconf 89' lang='lat' dir='ltr'>quem</span> <span class='ocrx_word' id='word_1_80' title='bbox 2190 1384 2471 1464; x_wconf 86' lang='lat' dir='ltr'>melius</span> 
     </span>
     <span class='ocr_line' id='line_1_11' title="bbox 158 1480 2472 1622; baseline 0.002 -52"><span class='ocrx_word' id='word_1_81' title='bbox 158 1539 167 1551; x_wconf 93' lang='lat'><strong>·</strong></span> <span class='ocrx_word' id='word_1_82' title='bbox 215 1489 527 1571; x_wconf 84' lang='lat' dir='ltr'>infirmus</span> <span class='ocrx_word' id='word_1_83' title='bbox 569 1491 792 1572; x_wconf 66' lang='lat' dir='ltr'>aaor</span> <span class='ocrx_word' id='word_1_84' title='bbox 827 1492 1077 1572; x_wconf 85' lang='lat' dir='ltr'>tacitis</span> <span class='ocrx_word' id='word_1_85' title='bbox 1125 1480 1469 1595; x_wconf 85' lang='lat' dir='ltr'>judicum</span> <span class='ocrx_word' id='word_1_86' title='bbox 1512 1493 2107 1598; x_wconf 85' lang='lat' dir='ltr'>cogitationibus</span> <span class='ocrx_word' id='word_1_87' title='bbox 2137 1496 2472 1622; x_wconf 75' lang='lat' dir='ltr'>reliquis⁸</span> 
     </span>
     <span class='ocr_line' id='line_1_12' title="bbox 213 1600 2474 1708; baseline 0.003 -27"><span class='ocrx_word' id='word_1_88' title='bbox 213 1600 325 1681; x_wconf 88' lang='lat' dir='ltr'>set.</span> <span class='ocrx_word' id='word_1_89' title='bbox 422 1610 629 1683; x_wconf 83' lang='lat' dir='ltr'>Nam</span> <span class='ocrx_word' id='word_1_90' title='bbox 683 1609 763 1684; x_wconf 85' lang='lat'>&amp;</span> <span class='ocrx_word' id='word_1_91' title='bbox 821 1603 1121 1696; x_wconf 73' lang='lat' dir='ltr'>vultuS,</span> <span class='ocrx_word' id='word_1_92' title='bbox 1187 1607 1266 1684; x_wconf 88' lang='lat'>&amp;</span> <span class='ocrx_word' id='word_1_93' title='bbox 1320 1631 1534 1693; x_wconf 88' lang='lat' dir='ltr'>vox,</span> <span class='ocrx_word' id='word_1_94' title='bbox 1608 1609 1688 1684; x_wconf 74' lang='grc' dir='ltr'>ὅ(</span> <span class='ocrx_word' id='word_1_95' title='bbox 1751 1602 1908 1708; x_wconf 72' lang='lat' dir='ltr'>ipsa</span> <span class='ocrx_word' id='word_1_96' title='bbox 1971 1604 2101 1684; x_wconf 91' lang='lat' dir='ltr'>illa</span> <span class='ocrx_word' id='word_1_97' title='bbox 2160 1611 2474 1687; x_wconf 87' lang='lat' dir='ltr'>excitati</span> 
     </span>
     <span class='ocr_line' id='line_1_13' title="bbox 217 1712 2478 1823; baseline 0.001 -29"><span class='ocrx_word' id='word_1_98' title='bbox 217 1714 316 1793; x_wconf 82' lang='lat' dir='ltr'>rei</span> <span class='ocrx_word' id='word_1_99' title='bbox 359 1713 627 1807; x_wconf 81' lang='lat' dir='ltr'>facies,</span> <span class='ocrx_word' id='word_1_100' title='bbox 697 1713 1036 1796; x_wconf 87' lang='lat' dir='ltr'>ludibrio</span> <span class='ocrx_word' id='word_1_101' title='bbox 1105 1719 1343 1795; x_wconf 90' lang='lat' dir='ltr'>etiam</span> <span class='ocrx_word' id='word_1_102' title='bbox 1402 1712 1866 1823; x_wconf 84' lang='lat' dir='ltr'>plerumque</span> <span class='ocrx_word' id='word_1_103' title='bbox 1920 1713 2089 1797; x_wconf 90' lang='lat' dir='ltr'>sunt</span> <span class='ocrx_word' id='word_1_104' title='bbox 2133 1718 2478 1797; x_wconf 82' lang='lat' dir='ltr'>homini-</span> 
     </span>
     <span class='ocr_line' id='line_1_14' title="bbox 216 1823 2478 1936; baseline 0.001 -31"><span class='ocrx_word' id='word_1_105' title='bbox 216 1823 339 1906; x_wconf 85' lang='lat' dir='ltr'>bus</span> <span class='ocrx_word' id='word_1_106' title='bbox 384 1853 570 1936; x_wconf 87' lang='lat' dir='ltr'>quos</span> <span class='ocrx_word' id='word_1_107' title='bbox 625 1856 792 1908; x_wconf 90' lang='lat' dir='ltr'>non</span> <span class='ocrx_word' id='word_1_108' title='bbox 848 1849 1435 1935; x_wconf 85' lang='lat' dir='ltr'>promoverunt.</span> <span class='ocrx_word' id='word_1_109' title='bbox 1527 1832 1789 1928; x_wconf 83' lang='lat' dir='ltr'>Qare</span> <span class='ocrx_word' id='word_1_110' title='bbox 1829 1831 2197 1910; x_wconf 87' lang='lat' dir='ltr'>metiatur</span> <span class='ocrx_word' id='word_1_111' title='bbox 2231 1857 2317 1909; x_wconf 88' lang='lat' dir='ltr'>ac</span> <span class='ocrx_word' id='word_1_112' title='bbox 2360 1828 2478 1909; x_wconf 88' lang='lat' dir='ltr'>di·-</span> 
     </span>
     <span class='ocr_line' id='line_1_15' title="bbox 207 1935 2480 2048; baseline 0.003 -33"><span class='ocrx_word' id='word_1_113' title='bbox 207 1935 509 2043; x_wconf 80' lang='lat' dir='ltr'>ligenter</span> <span class='ocrx_word' id='word_1_114' title='bbox 551 1940 877 2021; x_wconf 80' lang='lat' dir='ltr'>aestimet</span> <span class='ocrx_word' id='word_1_115' title='bbox 933 1943 1134 2024; x_wconf 75' lang='lat' dir='ltr'>vires</span> <span class='ocrx_word' id='word_1_116' title='bbox 1177 1938 1341 2020; x_wconf 89' lang='lat' dir='ltr'>suas</span> <span class='ocrx_word' id='word_1_117' title='bbox 1387 1940 1656 2019; x_wconf 72' lang='lat' dir='ltr'>astor:</span> <span class='ocrx_word' id='word_1_118' title='bbox 1735 1946 1813 2021; x_wconf 73' lang='grc' dir='ltr'>δι</span> <span class='ocrx_word' id='word_1_119' title='bbox 1868 1964 2253 2048; x_wconf 88' lang='lat' dir='ltr'>quantum</span> <span class='ocrx_word' id='word_1_120' title='bbox 2290 1969 2480 2022; x_wconf 86' lang='lat' dir='ltr'>one-</span> 
     </span>
     <span class='ocr_line' id='line_1_16' title="bbox 205 2049 2481 2159; baseline 0.001 -30"><span class='ocrx_word' id='word_1_121' title='bbox 205 2051 296 2129; x_wconf 80' lang='lat' dir='ltr'>ris</span> <span class='ocrx_word' id='word_1_122' title='bbox 335 2049 705 2134; x_wconf 88' lang='lat' dir='ltr'>subiturus</span> <span class='ocrx_word' id='word_1_123' title='bbox 757 2050 895 2143; x_wconf 79' lang='lat' dir='ltr'>sit,</span> <span class='ocrx_word' id='word_1_124' title='bbox 947 2049 1346 2159; x_wconf 90' lang='lat' dir='ltr'>intelligat.</span> <span class='ocrx_word' id='word_1_125' title='bbox 1457 2050 1679 2132; x_wconf 89' lang='lat' dir='ltr'>Nihil</span> <span class='ocrx_word' id='word_1_126' title='bbox 1711 2052 1941 2132; x_wconf 88' lang='lat' dir='ltr'>habet</span> <span class='ocrx_word' id='word_1_127' title='bbox 1972 2052 2107 2132; x_wconf 87' lang='lat' dir='ltr'>ista</span> <span class='ocrx_word' id='word_1_128' title='bbox 2160 2081 2278 2134; x_wconf 88' lang='lat' dir='ltr'>res</span> <span class='ocrx_word' id='word_1_129' title='bbox 2324 2081 2481 2132; x_wconf 89' lang='lat' dir='ltr'>me-</span> 
     </span>
     <span class='ocr_line' id='line_1_17' title="bbox 205 2159 2479 2271; baseline 0 -28"><span class='ocrx_word' id='word_1_130' title='bbox 205 2159 466 2257; x_wconf 72' lang='lat' dir='ltr'>dium,</span> <span class='ocrx_word' id='word_1_131' title='bbox 523 2163 651 2245; x_wconf 87' lang='lat' dir='ltr'>sed</span> <span class='ocrx_word' id='word_1_132' title='bbox 700 2184 829 2244; x_wconf 90' lang='lat' dir='ltr'>aut</span> <span class='ocrx_word' id='word_1_133' title='bbox 876 2165 1256 2271; x_wconf 85' lang='lat' dir='ltr'>lacrymas</span> <span class='ocrx_word' id='word_1_134' title='bbox 1303 2183 1707 2263; x_wconf 77' lang='lat' dir='ltr'>meretur,</span> <span class='ocrx_word' id='word_1_135' title='bbox 1762 2185 1890 2243; x_wconf 91' lang='lat' dir='ltr'>aut</span> <span class='ocrx_word' id='word_1_136' title='bbox 1940 2161 2195 2243; x_wconf 88' lang='lat' dir='ltr'>risum.</span> <span class='ocrx_word' id='word_1_137' title='bbox 2290 2171 2479 2244; x_wconf 93' lang='lat' dir='ltr'>Non</span> 
     </span>
     <span class='ocr_line' id='line_1_18' title="bbox 199 2258 2480 2365; baseline 0.001 -11"><span class='ocrx_word' id='word_1_138' title='bbox 199 2286 443 2356; x_wconf 76' lang='lat' dir='ltr'>autem</span> <span class='ocrx_word' id='word_1_139' title='bbox 471 2273 979 2361; x_wconf 75' lang='lat' dir='ltr'>commovere</span> <span class='ocrx_word' id='word_1_140' title='bbox 1022 2297 1329 2356; x_wconf 89' lang='lat' dir='ltr'>tantum</span> <span class='ocrx_word' id='word_1_141' title='bbox 1384 2258 1961 2354; x_wconf 86' lang='lat' dir='ltr'>miserationem</span> <span class='ocrx_word' id='word_1_142' title='bbox 1991 2329 2016 2365; x_wconf 90' lang='lat'>‚</span> <span class='ocrx_word' id='word_1_143' title='bbox 2081 2273 2207 2354; x_wconf 90' lang='lat' dir='ltr'>sed</span> <span class='ocrx_word' id='word_1_144' title='bbox 2242 2282 2480 2356; x_wconf 88' lang='lat' dir='ltr'>etiam</span> 
     </span>
     <span class='ocr_line' id='line_1_19' title="bbox 201 2376 2479 2495; baseline 0.001 -30"><span class='ocrx_word' id='word_1_145' title='bbox 201 2383 618 2480; x_wconf 82' lang='lat' dir='ltr'>discutere,</span> <span class='ocrx_word' id='word_1_146' title='bbox 683 2376 973 2495; x_wconf 88' lang='lat' dir='ltr'>epilogi</span> <span class='ocrx_word' id='word_1_147' title='bbox 1024 2387 1134 2468; x_wconf 89' lang='lat' dir='ltr'>est</span> <span class='ocrx_word' id='word_1_148' title='bbox 1159 2388 1628 2494; x_wconf 84' lang='lat' dir='ltr'>proprium3</span> <span class='ocrx_word' id='word_1_149' title='bbox 1686 2414 1869 2467; x_wconf 90' lang='lat' dir='ltr'>cum</span> <span class='ocrx_word' id='word_1_150' title='bbox 1900 2392 2249 2467; x_wconf 89' lang='lat' dir='ltr'>oratione</span> <span class='ocrx_word' id='word_1_151' title='bbox 2292 2416 2479 2468; x_wconf 84' lang='lat' dir='ltr'>con-</span> 
     </span>
     <span class='ocr_line' id='line_1_20' title="bbox 201 2496 2478 2611; baseline 0.001 -32"><span class='ocrx_word' id='word_1_152' title='bbox 201 2502 442 2593; x_wconf 81' lang='lat' dir='ltr'>tinua,</span> <span class='ocrx_word' id='word_1_153' title='bbox 486 2528 663 2611; x_wconf 82' lang='lat' dir='ltr'>quae</span> <span class='ocrx_word' id='word_1_154' title='bbox 724 2522 986 2581; x_wconf 87' lang='lat' dir='ltr'>motos</span> <span class='ocrx_word' id='word_1_155' title='bbox 1043 2500 1403 2607; x_wconf 87' lang='lat' dir='ltr'>lacrymis</span> <span class='ocrx_word' id='word_1_156' title='bbox 1452 2496 1741 2601; x_wconf 87' lang='lat' dir='ltr'>judices</span> <span class='ocrx_word' id='word_1_157' title='bbox 1788 2497 1884 2580; x_wconf 88' lang='lat' dir='ltr'>ad</span> <span class='ocrx_word' id='word_1_158' title='bbox 1951 2499 2317 2598; x_wconf 83' lang='lat' dir='ltr'>justitiam</span> <span class='ocrx_word' id='word_1_159' title='bbox 2365 2529 2478 2581; x_wconf 89' lang='lat' dir='ltr'>re-</span> 
     </span>
     <span class='ocr_line' id='line_1_21' title="bbox 198 2606 2476 2720; baseline 0.002 -33"><span class='ocrx_word' id='word_1_160' title='bbox 198 2606 444 2706; x_wconf 78' lang='lat' dir='ltr'>ducat,</span> <span class='ocrx_word' id='word_1_161' title='bbox 481 2638 665 2695; x_wconf 88' lang='lat' dir='ltr'>tum</span> <span class='ocrx_word' id='word_1_162' title='bbox 718 2616 958 2708; x_wconf 87' lang='lat' dir='ltr'>etiam</span> <span class='ocrx_word' id='word_1_163' title='bbox 1019 2610 1474 2719; x_wconf 89' lang='lat' dir='ltr'>quibusdam</span> <span class='ocrx_word' id='word_1_164' title='bbox 1532 2613 1820 2691; x_wconf 89' lang='lat' dir='ltr'>urbane</span> <span class='ocrx_word' id='word_1_165' title='bbox 1884 2610 2102 2692; x_wconf 72' lang='lat' dir='ltr'>distis</span> <span class='ocrx_word' id='word_1_166' title='bbox 2165 2644 2182 2708; x_wconf 70' lang='grc' dir='ltr'><em>ς</em></span> <span class='ocrx_word' id='word_1_167' title='bbox 2248 2612 2476 2720; x_wconf 84' lang='lat' dir='ltr'>quale</span> 
     </span>
     <span class='ocr_line' id='line_1_22' title="bbox 195 2705 2476 2849; baseline 0 -48"><span class='ocrx_word' id='word_1_168' title='bbox 195 2721 350 2808; x_wconf 81' lang='lat' dir='ltr'>est,</span> <span class='ocrx_word' id='word_1_169' title='bbox 406 2742 604 2806; x_wconf 68' lang='lat' dir='ltr'>Date</span> <span class='ocrx_word' id='word_1_170' title='bbox 633 2752 856 2837; x_wconf 79' lang='lat' dir='ltr'>puero</span> <span class='ocrx_word' id='word_1_171' title='bbox 881 2752 1185 2836; x_wconf 82' lang='lat' dir='ltr'>panem,</span> <span class='ocrx_word' id='word_1_172' title='bbox 1226 2755 1316 2803; x_wconf 87' lang='lat' dir='ltr'>ne</span> <span class='ocrx_word' id='word_1_173' title='bbox 1349 2725 1603 2834; x_wconf 85' lang='lat' dir='ltr'>ploret.</span> <span class='ocrx_word' id='word_1_174' title='bbox 1698 2728 1792 2803; x_wconf 84' lang='lat' dir='ltr'>Et</span> <span class='ocrx_word' id='word_1_175' title='bbox 1845 2705 2329 2849; x_wconf 84' lang='lat' dir='ltr'>corpulento</span> <span class='ocrx_word' id='word_1_176' title='bbox 2384 2723 2476 2803; x_wconf 88' lang='lat' dir='ltr'>li-</span> 
     </span>
     <span class='ocr_line' id='line_1_23' title="bbox 192 2833 2476 2940; baseline 0.003 -30"><span class='ocrx_word' id='word_1_177' title='bbox 192 2834 549 2940; x_wconf 80' lang='lat' dir='ltr'>rigatori,</span> <span class='ocrx_word' id='word_1_178' title='bbox 626 2864 834 2938; x_wconf 65' lang='lat' dir='ltr'>cujus</span> <span class='ocrx_word' id='word_1_179' title='bbox 902 2833 1397 2916; x_wconf 66' lang='lat' dir='ltr'>adversarius</span> <span class='ocrx_word' id='word_1_180' title='bbox 1422 2836 1611 2913; x_wconf 87' lang='lat' dir='ltr'>item</span> <span class='ocrx_word' id='word_1_181' title='bbox 1677 2862 1870 2940; x_wconf 87' lang='lat' dir='ltr'>puer</span> <span class='ocrx_word' id='word_1_182' title='bbox 1925 2840 2119 2915; x_wconf 87' lang='lat' dir='ltr'>circa</span> <span class='ocrx_word' id='word_1_183' title='bbox 2188 2835 2476 2934; x_wconf 81' lang='lat' dir='ltr'>judice&#39;s</span> 
     </span>
     <span class='ocr_line' id='line_1_24' title="bbox 189 2946 2480 3058; baseline 0.004 -37"><span class='ocrx_word' id='word_1_184' title='bbox 189 2965 392 3033; x_wconf 75' lang='lat' dir='ltr'>erat,</span> <span class='ocrx_word' id='word_1_185' title='bbox 444 2949 544 3030; x_wconf 86' lang='lat' dir='ltr'>ab</span> <span class='ocrx_word' id='word_1_186' title='bbox 583 2947 967 3029; x_wconf 87' lang='lat' dir='ltr'>advocato</span> <span class='ocrx_word' id='word_1_187' title='bbox 1003 2947 1245 3031; x_wconf 84' lang='lat' dir='ltr'>latus,</span> <span class='ocrx_word' id='word_1_188' title='bbox 1337 2948 1561 3054; x_wconf 79' lang='lat' dir='ltr'>Qid</span> <span class='ocrx_word' id='word_1_189' title='bbox 1576 2949 1865 3054; x_wconf 71' lang='lat' dir='ltr'>ficiam</span> <span class='ocrx_word' id='word_1_190' title='bbox 1898 2954 1937 3024; x_wconf 84' lang='lat'><em>?</em></span> <span class='ocrx_word' id='word_1_191' title='bbox 2005 2978 2123 3058; x_wconf 85' lang='lat' dir='ltr'>ego</span> <span class='ocrx_word' id='word_1_192' title='bbox 2162 2971 2235 3028; x_wconf 89' lang='lat' dir='ltr'>te</span> <span class='ocrx_word' id='word_1_193' title='bbox 2286 2946 2480 3057; x_wconf 79' lang='lat' dir='ltr'>baja-</span> 
     </span>
     <span class='ocr_line' id='line_1_25' title="bbox 182 3041 2475 3173; baseline 0.002 -38"><span class='ocrx_word' id='word_1_194' title='bbox 182 3058 330 3138; x_wconf 71' lang='lat' dir='ltr'>lare</span> <span class='ocrx_word' id='word_1_195' title='bbox 385 3089 527 3142; x_wconf 78' lang='lat' dir='ltr'>non</span> <span class='ocrx_word' id='word_1_196' title='bbox 546 3057 834 3173; x_wconf 71' lang='lat' dir='ltr'>poffltm</span> <span class='ocrx_word' id='word_1_197' title='bbox 923 3057 1070 3141; x_wconf 86' lang='lat' dir='ltr'>Sed</span> <span class='ocrx_word' id='word_1_198' title='bbox 1116 3041 1280 3139; x_wconf 84' lang='lat' dir='ltr'>haec</span> <span class='ocrx_word' id='word_1_199' title='bbox 1321 3082 1585 3138; x_wconf 89' lang='lat' dir='ltr'>tamen</span> <span class='ocrx_word' id='word_1_200' title='bbox 1628 3085 1792 3136; x_wconf 90' lang='lat' dir='ltr'>non</span> <span class='ocrx_word' id='word_1_201' title='bbox 1829 3056 2114 3137; x_wconf 86' lang='lat' dir='ltr'>debent</span> <span class='ocrx_word' id='word_1_202' title='bbox 2147 3058 2290 3138; x_wconf 83' lang='lat' dir='ltr'>ess&#39;e</span> <span class='ocrx_word' id='word_1_203' title='bbox 2321 3064 2475 3140; x_wconf 87' lang='lat' dir='ltr'>mi-</span> 
     </span>
     <span class='ocr_line' id='line_1_26' title="bbox 184 3169 2477 3280; baseline 0.003 -35"><span class='ocrx_word' id='word_1_204' title='bbox 184 3172 406 3251; x_wconf 82' lang='lat' dir='ltr'>mica.</span> <span class='ocrx_word' id='word_1_205' title='bbox 491 3177 603 3254; x_wconf 83' lang='lat' dir='ltr'>Ita</span> <span class='ocrx_word' id='word_1_206' title='bbox 649 3196 905 3280; x_wconf 87' lang='lat' dir='ltr'>neque</span> <span class='ocrx_word' id='word_1_207' title='bbox 944 3169 1171 3249; x_wconf 89' lang='lat' dir='ltr'>illum</span> <span class='ocrx_word' id='word_1_208' title='bbox 1236 3169 1731 3275; x_wconf 85' lang='lat' dir='ltr'>probaverim</span> <span class='ocrx_word' id='word_1_209' title='bbox 1786 3222 1811 3259; x_wconf 86' lang='lat'>,</span> <span class='ocrx_word' id='word_1_210' title='bbox 1880 3172 2016 3276; x_wconf 85' lang='lat' dir='ltr'>qui</span> <span class='ocrx_word' id='word_1_211' title='bbox 2065 3175 2270 3249; x_wconf 88' lang='lat' dir='ltr'>inter</span> <span class='ocrx_word' id='word_1_212' title='bbox 2323 3171 2477 3251; x_wconf 88' lang='lat' dir='ltr'>cla-</span> 
     </span>
     <span class='ocr_line' id='line_1_27' title="bbox 176 3278 2477 3396; baseline 0.001 -34"><span class='ocrx_word' id='word_1_213' title='bbox 176 3278 508 3365; x_wconf 79' lang='lat' dir='ltr'>riffimos</span> <span class='ocrx_word' id='word_1_214' title='bbox 551 3283 677 3365; x_wconf 89' lang='lat' dir='ltr'>sui</span> <span class='ocrx_word' id='word_1_215' title='bbox 732 3286 1107 3390; x_wconf 87' lang='lat' dir='ltr'>temporis</span> <span class='ocrx_word' id='word_1_216' title='bbox 1161 3301 1511 3362; x_wconf 84' lang='lat' dir='ltr'>oratores</span> <span class='ocrx_word' id='word_1_217' title='bbox 1574 3280 1720 3360; x_wconf 89' lang='lat' dir='ltr'>fuit</span> <span class='ocrx_word' id='word_1_218' title='bbox 1778 3336 1802 3370; x_wconf 90' lang='lat'>‚</span> <span class='ocrx_word' id='word_1_219' title='bbox 1886 3284 2020 3388; x_wconf 89' lang='lat' dir='ltr'>qui</span> <span class='ocrx_word' id='word_1_220' title='bbox 2079 3284 2333 3396; x_wconf 85' lang='lat' dir='ltr'>pueris</span> <span class='ocrx_word' id='word_1_221' title='bbox 2393 3288 2477 3364; x_wconf 90' lang='lat' dir='ltr'>in</span> 
     </span>
     <span class='ocr_line' id='line_1_28' title="bbox 175 3388 2475 3503; baseline 0.002 -33"><span class='ocrx_word' id='word_1_222' title='bbox 175 3393 574 3503; x_wconf 86' lang='lat' dir='ltr'>epilogum</span> <span class='ocrx_word' id='word_1_223' title='bbox 631 3394 1083 3503; x_wconf 69' lang='lat' dir='ltr'>productis,</span> <span class='ocrx_word' id='word_1_224' title='bbox 1162 3392 1360 3472; x_wconf 88' lang='lat' dir='ltr'>talos</span> <span class='ocrx_word' id='word_1_225' title='bbox 1409 3394 1588 3492; x_wconf 86' lang='lat' dir='ltr'>jecit</span> <span class='ocrx_word' id='word_1_226' title='bbox 1653 3395 1735 3470; x_wconf 91' lang='lat' dir='ltr'>in</span> <span class='ocrx_word' id='word_1_227' title='bbox 1755 3388 2217 3484; x_wconf 87' lang='lat' dir='ltr'>medium,</span> <span class='ocrx_word' id='word_1_228' title='bbox 2279 3421 2475 3502; x_wconf 91' lang='lat' dir='ltr'>quos</span> 
     </span>
     <span class='ocr_line' id='line_1_29' title="bbox 181 3451 2477 3617; baseline 0.002 -35"><span class='ocrx_word' id='word_1_229' title='bbox 181 3505 296 3582; x_wconf 84' lang='lat' dir='ltr'>illi</span> <span class='ocrx_word' id='word_1_230' title='bbox 337 3507 678 3617; x_wconf 76' lang='lat' dir='ltr'>diripere</span> <span class='ocrx_word' id='word_1_231' title='bbox 732 3527 1157 3613; x_wconf 83' lang='lat' dir='ltr'>coeperunt.</span> <span class='ocrx_word' id='word_1_232' title='bbox 1270 3511 1633 3612; x_wconf 89' lang='lat' dir='ltr'>Namque</span> <span class='ocrx_word' id='word_1_233' title='bbox 1685 3503 1883 3584; x_wconf 84' lang='lat' dir='ltr'>haec</span> <span class='ocrx_word' id='word_1_234' title='bbox 1901 3504 2056 3611; x_wconf 88' lang='lat' dir='ltr'>ipsa</span> <span class='ocrx_word' id='word_1_235' title='bbox 2103 3451 2477 3586; x_wconf 74' lang='lat' dir='ltr'>dilcrimi-</span> 
     </span>
     <span class='ocr_line' id='line_1_30' title="bbox 179 3614 2597 3730; baseline 0.002 -36"><span class='ocrx_word' id='word_1_236' title='bbox 179 3617 296 3697; x_wconf 87' lang='lat' dir='ltr'>nis</span> <span class='ocrx_word' id='word_1_237' title='bbox 340 3616 440 3700; x_wconf 84' lang='lat' dir='ltr'>sui</span> <span class='ocrx_word' id='word_1_238' title='bbox 495 3621 954 3730; x_wconf 84' lang='lat' dir='ltr'>ignorantia</span> <span class='ocrx_word' id='word_1_239' title='bbox 1007 3617 1265 3723; x_wconf 82' lang='lat' dir='ltr'>potuit</span> <span class='ocrx_word' id='word_1_240' title='bbox 1304 3614 1450 3701; x_wconf 81' lang='lat' dir='ltr'>effe</span> <span class='ocrx_word' id='word_1_241' title='bbox 1496 3614 1964 3697; x_wconf 89' lang='lat' dir='ltr'>miserabilis.</span> <span class='ocrx_word' id='word_1_242' title='bbox 2058 3623 2336 3725; x_wconf 87' lang='lat' dir='ltr'>Neque</span> <span class='ocrx_word' id='word_1_243' title='bbox 2388 3617 2482 3698; x_wconf 82' lang='lat' dir='ltr'>il-</span> <span class='ocrx_word' id='word_1_244' title='bbox 2590 3713 2597 3720; x_wconf 15' lang='lat' dir='ltr'>x</span> 
     </span>
     <span class='ocr_line' id='line_1_31' title="bbox 172 3724 2485 3842; baseline 0.002 -37"><span class='ocrx_word' id='word_1_245' title='bbox 172 3727 395 3824; x_wconf 85' lang='lat' dir='ltr'>lum,</span> <span class='ocrx_word' id='word_1_246' title='bbox 476 3738 624 3842; x_wconf 82' lang='lat' dir='ltr'>qui</span> <span class='ocrx_word' id='word_1_247' title='bbox 687 3759 877 3812; x_wconf 88' lang='lat' dir='ltr'>cum</span> <span class='ocrx_word' id='word_1_248' title='bbox 928 3728 1106 3809; x_wconf 82' lang='lat' dir='ltr'>effet</span> <span class='ocrx_word' id='word_1_249' title='bbox 1145 3750 1504 3810; x_wconf 87' lang='lat' dir='ltr'>cruentus</span> <span class='ocrx_word' id='word_1_250' title='bbox 1556 3724 1858 3835; x_wconf 86' lang='lat' dir='ltr'>gladius</span> <span class='ocrx_word' id='word_1_251' title='bbox 1906 3730 2064 3830; x_wconf 86' lang='lat' dir='ltr'>ejus</span> <span class='ocrx_word' id='word_1_252' title='bbox 2124 3728 2251 3810; x_wconf 91' lang='lat' dir='ltr'>ab</span> <span class='ocrx_word' id='word_1_253' title='bbox 2260 3757 2485 3816; x_wconf 85' lang='lat' dir='ltr'>accu-</span> 
     </span>
     <span class='ocr_line' id='line_1_32' title="bbox 161 3840 2489 3954; baseline -0.001 -31"><span class='ocrx_word' id='word_1_254' title='bbox 161 3840 397 3925; x_wconf 71' lang='lat' dir='ltr'>satore</span> <span class='ocrx_word' id='word_1_255' title='bbox 441 3844 826 3954; x_wconf 85' lang='lat' dir='ltr'>prolatus</span> <span class='ocrx_word' id='word_1_256' title='bbox 858 3898 882 3934; x_wconf 88' lang='lat'>‚</span> <span class='ocrx_word' id='word_1_257' title='bbox 946 3868 1104 3949; x_wconf 93' lang='lat' dir='ltr'>quo</span> <span class='ocrx_word' id='word_1_258' title='bbox 1145 3842 1206 3920; x_wconf 87' lang='lat' dir='ltr'>is</span> <span class='ocrx_word' id='word_1_259' title='bbox 1258 3840 1670 3921; x_wconf 82' lang='lat' dir='ltr'>hominem</span> <span class='ocrx_word' id='word_1_260' title='bbox 1708 3841 2081 3949; x_wconf 90' lang='lat' dir='ltr'>probabat</span> <span class='ocrx_word' id='word_1_261' title='bbox 2120 3841 2489 3935; x_wconf 84' lang='lat' dir='ltr'>occisum,</span> 
     </span>
    </p>
   </div>
   <div class='ocr_carea' id='block_1_3' title="bbox 121 3953 2490 4171">
    <p class='ocr_par' dir='ltr' id='par_1_3' title="bbox 121 3953 2490 4171">
     <span class='ocr_line' id='line_1_33' title="bbox 157 3953 2490 4147; baseline -0.004 -108.152"><span class='ocrx_word' id='word_1_262' title='bbox 157 3953 398 4066; x_wconf 82' lang='lat' dir='ltr'>subito</span> <span class='ocrx_word' id='word_1_263' title='bbox 441 3989 548 4045; x_wconf 85' lang='lat' dir='ltr'>ex</span> <span class='ocrx_word' id='word_1_264' title='bbox 607 3953 995 4041; x_wconf 87' lang='lat' dir='ltr'>subselliis</span> <span class='ocrx_word' id='word_1_265' title='bbox 1045 3974 1132 4034; x_wconf 88' lang='lat' dir='ltr'>ut</span> <span class='ocrx_word' id='word_1_266' title='bbox 1179 3973 1492 4038; x_wconf 78' lang='lat' dir='ltr'>territus</span> <span class='ocrx_word' id='word_1_267' title='bbox 1505 3954 1741 4147; x_wconf 63' lang='lat' dir='ltr'>2{ugit</span> <span class='ocrx_word' id='word_1_268' title='bbox 1793 4009 1822 4047; x_wconf 88' lang='lat'>‚</span> <span class='ocrx_word' id='word_1_269' title='bbox 1935 3958 2017 4038; x_wconf 86' lang='lat'>&amp;</span> <span class='ocrx_word' id='word_1_270' title='bbox 2082 3957 2333 4061; x_wconf 87' lang='lat' dir='ltr'>capite</span> <span class='ocrx_word' id='word_1_271' title='bbox 2390 3978 2490 4029; x_wconf 82' lang='lat' dir='ltr'>ex</span> 
     </span>
     <span class='ocr_line' id='line_1_34' title="bbox 121 4083 2490 4171; baseline -0.004 -18"><span class='ocrx_word' id='word_1_272' title='bbox 121 4085 124 4106; x_wconf 79' lang='lat'>&#39;</span> <span class='ocrx_word' id='word_1_273' title='bbox 1627 4089 1684 4144; x_wconf 81' lang='lat' dir='ltr'>x</span> <span class='ocrx_word' id='word_1_274' title='bbox 2269 4083 2490 4171; x_wconf 82' lang='lat' dir='ltr'>parte</span> 
     </span>
    </p>
   </div>
  </div>
 </body>
</html>
