3557 5113
134 162 135 185 Ν
282 197 499 360 De
516 184 953 398 [ψῃ.
995 188 1703 361 oratoria,
1733 181 2032 341 Lib.
2060 94 2222 339 11.
2590 198 2724 324 8³
2871 62 2881 73 '

213 519 362 602 aedes
388 578 409 612 ,
456 545 684 631 quam
732 518 788 600 si
831 515 1056 598 rudes
1102 508 1601 599 traderentur.
1697 527 1936 600 Error
1985 537 2248 597 tamen
2294 513 2405 595 est
2435 528 2652 603 Car.
2705 522 2826 599 1114

212 634 264 712 in
299 662 359 712 re
409 632 705 741 duplex.
819 635 1034 713 Unus
1071 686 1094 722 ,
1177 629 1391 738 quod
1443 634 1758 711 interim
1824 630 2167 711 sufficere
2202 625 2407 709 fflos

217 746 470 825 minores
525 743 1014 825 existimant:
1112 746 1193 822 δι
1255 741 1465 822 bono
1524 743 1696 822 sane
1752 742 2160 822 xstomacho
2220 767 2406 818 con-

216 861 341 934 tenti
369 856 541 936 sunt.
699 860 892 960 Quae
947 878 1387 960 quanquam
1429 859 1543 953 νὅ(
1610 852 1765 959 ipsa
1819 849 2406 958 reprehensione

217 963 369 1070 digna
405 969 745 1048 securitas
771 1021 792 1055 ‚
834 986 1098 1043 tamen
1151 962 1330 1042 esset
1397 986 1783 1072 utcunque
1839 962 2293 1050 tolerabilis,
2345 960 2405 1041 si

218 1077 491 1169 tiufinodi
545 1098 1054 1185 praeceptores
1133 1079 1391 1153 minus
1438 1074 1810 1155 docerent
1838 1131 1861 1166 ,
1943 1101 2105 1155 non
2166 1078 2401 1180 pejus.

221 1186 400 1280 Alter,
451 1189 580 1270 ille
630 1193 868 1269 etiam
913 1186 1392 1293 frequentior
1425 1240 1448 1276 ,
1494 1186 1707 1295 quod
1760 1213 1894 1266 eos
1938 1191 2070 1294 qui
2128 1184 2405 1291 ampli-

218 1323 367 1377 orem
428 1299 727 1381 dicendi
786 1296 1228 1378 facultatem
1281 1295 1430 1376 smt
1494 1296 1940 1387 consecuti,
2031 1324 2193 1401 non
2266 1324 2412 1401 pu-

217 1429 329 1488 tant
372 1411 444 1490 ad
485 1419 794 1493 minora
819 1406 1353 1511 descendere:
1494 1407 1727 1516 idque
1791 1412 2106 1489 interim
2175 1407 2351 1486 fieri
2372 1461 2399 1498 ‚

218 1523 348 1624 quia
408 1522 756 1603 fastidiant
828 1518 1177 1626 praestare
1248 1520 1445 1597 hanc
1506 1521 1994 1600 inferioribus
2072 1545 2336 1598 curam
2376 1549 2399 1595 ε

218 1630 475 1724 interim,
528 1638 711 1742 quia
758 1634 1085 1711 omnino
1134 1657 1295 1710 non
1348 1628 1654 1734 possint.
1708 1637 1876 1738 Ego
1924 1658 2167 1737 porro
2217 1656 2404 1709 eum

217 1745 308 1844 qui
343 1747 551 1837 nolit,
635 1750 718 1824 in
802 1768 1137 1822 numero
1191 1744 1803 1848 praecipientium
1875 1769 2039 1822 non
2105 1741 2399 1820 habeo:

217 1851 358 1954 posse
402 1880 638 1937 autem
697 1858 1042 1937 maxime
1080 1909 1104 1943 ‚
1168 1851 1226 1941 fi
1275 1852 1504 1944 velit,
1566 1857 1962 1963 optimum
2006 1879 2399 1961 quemque

217 1966 527 2048 contendo.
682 1970 1029 2046 Primum
1102 1961 1318 2072 quod
1384 1992 1565 2044 cum
1615 1966 2058 2073 eloquentia
2108 1968 2399 2045 caeteris

213 2074 459 2172 praestet‚
514 2079 642 2158 illa
695 2104 1008 2184 quoque
1063 2104 1204 2182 per
1264 2102 1435 2182 qua:
1488 2075 1585 2154 ad
1641 2077 2170 2184 eloquentiam
2219 2104 2397 2185 per·

206 2191 465 2281 venitur,
516 2186 1086 2296 diligentissime
1133 2185 1549 2292 percepiss'e
1601 2187 1964 2269 credibile
2014 2188 2167 2267 est:
2263 2183 2395 2267 de-

204 2292 337 2374 inde
365 2352 382 2386 ‚
455 2307 607 2408 quia
659 2301 1093 2408 plurimum
1149 2300 1229 2375 in
1286 2298 1807 2407 praecipiendo
1864 2301 2071 2384 valet
2148 2302 2348 2381 ratio
2369 2351 2396 2390 ,
2465 2314 2467 2316 ’

202 2428 335 2507 quae
390 2406 780 2494 dofflssuno
829 2414 1105 2518 cuique
1165 2407 1595 2514 planissima
1668 2411 1797 2488 est.
1937 2411 2333 2490 Postremo
2367 2464 2407 2500 ,ὁ
2572 2444 2576 2449 ·

200 2518 339 2620 quia
373 2548 568 2604 nemo
614 2524 726 2606 fic
778 2528 879 2628 in¹
919 2521 1333 2630 majoribus
1384 2523 1718 2614 eminet,
1785 2543 1873 2604 ut
1930 2548 2112 2602 eum
2148 2524 2399 2602 mino-

201 2652 259 2702 ra
292 2628 604 2715 deficiant.
726 2632 888 2714 Nisi
921 2634 1124 2713 forte
1162 2634 1445 2740 Jovem
1497 2634 1818 2742 quidem
1861 2634 2158 2715 Phidias
2194 2637 2399 2741 opti·

203 2760 290 2858 nie
342 2743 487 2824 fecit
523 2804 543 2836 ‚
599 2746 741 2827 illa
805 2768 1068 2825 autem
1140 2771 1308 2850 quae
1382 2751 1464 2823 in
1532 2769 2086 2828 ornamentum
2143 2750 2402 2851 operis

209 2871 319 2944 ejus
354 2858 690 2938 accedunt
739 2912 761 2948 ,
847 2857 1035 2938 alius
1086 2855 1360 2937 melius
1422 2854 1867 2937 elaborasset
1909 2890 1927 2938 ε
2037 2881 2167 2939 aut
2226 2884 2401 2936 ora-

199 2977 283 3036 tor
322 2962 494 3074 loqui
564 2967 904 3050 nesciet:
973 2990 1105 3048 aut
1156 2968 1486 3049 leviores
1540 2969 1862 3049 morbos
1921 2997 2186 3052 curare
2233 2994 2399 3049 non

189 3079 402 3171 poterit
448 3079 795 3161 medicus
836 3075 1499 3187 praestantiffimus.
1653 3079 1867 3183 Qid
1931 3109 2121 3189 ergo
2144 3070 2200 3160 ?'
2231 3101 2397 3191 ηομ
2477 3185 2478 3188 Ν

189 3179 273 3257 est
296 3190 585 3291 quaedam
631 3192 1084 3300 eloquentia
1130 3194 1385 3293 major
1432 3217 1670 3298 quam
1730 3214 1819 3270 ut
1875 3219 2047 3272 eam
2101 3191 2396 3272 intelle-

193 3291 274 3371 ἂι]
315 3303 634 3412 consequi
722 3305 1040 3408 puerilis
1111 3302 1517 3381 infirmitas
1587 3300 1900 3407 possit!
1973 3307 2138 3410 Ego
2203 3312 2395 3385 vero

196 3407 532 3498 confiteor:
642 3413 787 3494 sed
835 3416 1037 3495 hunc
1085 3413 1457 3495 disertum
1527 3435 2088 3520 praeceptorem
2123 3471 2146 3508 ,
2211 3441 2394 3521 pru-

197 3509 411 3603 dentem
451 3554 772 3636 quoque
828 3532 905 3607 ὅ(
963 3555 1126 3606 non
1182 3530 1536 3633 ignarum
1593 3525 1926 3605 docendi
1979 3526 2122 3607 esse
2161 3553 2396 3631 opor-

199 3624 356 3721 tebit,
400 3636 1017 3720 summittentem
1070 3636 1140 3717 se
1197 3638 1295 3716 ad
1351 3636 1790 3717 mensuram
1845 3636 2236 3718 discentis:
2305 3658 2394 3717 ut

196 3736 589 3832 velocissimus
653 3750 987 3858 quisque
1034 3748 1091 3828 fi
1146 3748 1361 3829 forte¹
1396 3752 1543 3830 iter
1590 3778 1772 3830 cum
1838 3751 2168 3856 parvulo
2217 3750 2413 3829 faci-‘

180 3867 286 3940 ³2,
349 3855 441 3940 det
496 3890 850 3945 manum
882 3916 908 3952 ,
996 3867 1074 3942 &
1131 3860 1464 3967 gradum
1516 3861 1739 3943 suum
1815 3864 2113 3943 minuat
2149 3918 2172 3954 ,
2251 3887 2404 3940 nec

175 3968 447 4064 P‘OCCdat
484 3977 694 4061 ultra
743 4000 997 4087 quam
1026 3971 1573 4167 comestossit.
1640 3973 1886 4101 *Qid
1904 4030 1930 4069 ,
1970 3974 2183 4089 quod
2230 3972 2404 4081 ple-

1380 4111 1414 4186 3
2078 4107 2385 4197 nmque
