3557 5113
352 190 1030 402 Delnstit.
1074 197 1799 384 Oratoria,
1842 196 2136 360 Lib.
2178 202 2429 364 IV.
2660 236 2873 355 237

282 552 360 607 eo
391 469 635 631 putant
691 521 966 616 ordine
992 582 1016 618 ,
1070 554 1231 638 quo
1277 527 1466 638 quid
1515 529 1772 613 actum
1808 530 1937 624 fit,
2010 534 2156 616 esst:
2215 563 2531 617 narran-
2555 551 2742 627 CAr.
2810 543 2910 620 11.

287 637 455 719 dum:
515 637 641 719 sed
696 667 795 719 eo
824 641 1113 732 malo,
1176 669 1337 748 quo
1402 643 1736 749 expedit.
1832 647 2067 750 Qod
2125 646 2295 726 fieri
2355 651 2529 754 plu-

277 756 443 832 rimis
494 752 759 860 figuris
811 752 1015 848 licet.
1154 760 1362 834 Nam
1419 760 1496 836 ὅ(
1555 756 1973 865 aliquando
2029 759 2383 840 excidisse
2437 760 2521 840 fi-

273 866 640 955 mulamus,
691 893 871 945 cum
914 863 1100 974 quid
1154 866 1464 947 utiliore
1516 867 1695 949 loco
1740 868 2212 953 reducimus:
2281 878 2359 951 &
2411 877 2518 952 inss-

272 981 451 1055 terim
508 1006 652 1057 nos
727 977 1174 1061 redueturos
1236 979 1627 1087 reliquum
1685 981 2047 1062 ordinem
2106 981 2520 1076 testamur,

271 1093 403 1195 quia
445 1087 539 1169 stc
584 1091 843 1170 futura
889 1091 980 1171 fit
1040 1090 1254 1171 causa
1308 1091 1660 1171 lucidior.
1757 1098 2073 1174 Interim
2137 1125 2221 1175 re
2278 1124 2515 1203 expo-

267 1200 309 1279 s
314 1225 403 1291 ta
433 1200 951 1311 subjungimus
988 1205 1235 1286 causas
1273 1230 1444 1311 quae
1483 1204 2050 1285 antecesserunt.
2076 1213 2244 1287 Nee
2300 1212 2517 1288 enim

261 1311 345 1392 est
370 1341 498 1396 una
549 1315 681 1394 lex
723 1313 1226 1407 detenfionis,
1285 1340 1740 1424 certumque
1778 1319 2343 1423 praescriptum:
2369 1319 2519 1425 pro

263 1454 360 1515 re,
401 1453 536 1530 pro
580 1451 950 1534 tempore
978 1486 998 1519 ,
1079 1428 1448 1509 intuenda
1498 1455 1667 1536 quae
1737 1429 2069 1535 profint':
2150 1453 2379 1538 atque
2431 1454 2519 1512 ut

255 1544 371 1616 erit
416 1539 722 1630 vulnus,
787 1544 891 1619 ita
932 1541 1057 1621 vel
1100 1540 1524 1621 curandum
1565 1545 1980 1647 ‚protinuS,
2047 1542 2171 1623 vel
2211 1541 2268 1621 fi
2309 1569 2522 1623 cura·

254 1654 342 1727 tio
388 1649 671 1732 differri
723 1651 1021 1757 potest,
1080 1656 1399 1733 interim
1456 1651 1978 1760 deligandum.
2097 1659 2263 1733 Nec
2311 1652 2520 1759 saepi-

256 1787 321 1839 us
358 1791 649 1844 narrare
699 1762 1062 1845 duxerim
1124 1764 1367 1848 nefas,
1425 1765 1641 1873 quod
1690 1768 1970 1848 Cicero
2015 1793 2161 1873 pro
2234 1765 2523 1846 Cluen-

251 1876 343 1952 tio
377 1875 592 1955 fecit·
662 1873 927 1984 estque
979 1905 1141 1957 non
1176 1876 1610 1962 conceffum
1645 1876 1937 1969 mod0,
1986 1876 2116 1957 sed
2174 1877 2517 1984 aliquan-

244 1983 328 2063 do
367 1992 591 2068 etiam
654 1989 1207 2069 necessarium:
1305 2011 1392 2069 ut
1455 1993 1534 2069 in
1578 1987 1809 2069 caufis
1866 1988 2513 2097 repetundarum,

240 2102 717 2223 omnibusque
778 2128 945 2210 qu‘e
1004 2100 1404 2207 simplices
1453 2129 1617 2181 non
1674 2101 1863 2181 sunt.
1979 2105 2340 2183 Amentis
2406 2101 2518 2182 est

240 2214 417 2290 enim
444 2213 972 2321 superstitione
1006 2236 1574 2321 praeceptorum
1613 2237 1883 2332 contra
1922 2216 2310 2310 rationem
2351 2239 2517 2296 cau·

238 2317 312 2400 sae
342 2327 549 2406 trahi.
672 2329 1221 2407 Narrationem
1277 2324 1457 2407 ideo
1502 2347 1676 2412 ante
1777 2327 2216 2405 robationes
2271 2352 2519 2451 pone-

218 2461 303 2526 ,re
343 2439 442 2518 est
468 2436 912 2518 institutum
938 2495 959 2529 ,
1024 2467 1123 2519 ne
1158 2436 1387 2536 judex
1417 2495 1438 2522 ,
1502 2465 1651 2546 qua
1694 2325 1812 2518 dpe
1830 2465 1912 2516 re
1943 2435 2314 2524 dicatur,
2298 2464 2518 2543 igno-

236 2570 347 2625 ret.
451 2559 619 2632 Cur
692 2553 926 2658 igitur
977 2550 1034 2630 si
1096 2549 1388 2676 singula
1468 2548 1860 2657 probanda
1917 2573 2046 2633 aut
2100 2547 2524 2633 refellenda

236 2684 471 2752 erunt,
544 2692 711 2743 non
774 2661 1059 2769 lingula
1132 2667 1369 2771 etiam
1432 2660 1908 2759 narrentur?
2043 2662 2174 2754 Me
2258 2685 2464 2741 certe
2498 2717 2521 2751 ,

234 2794 796 2883 quantacunque
831 2775 1106 2859 nostris
1159 2774 1711 2901 experimentis
1754 2772 2105 2887 habenda
2148 2773 2258 2852 est
2299 2771 2517 2862 fides,

229 2882 445 2965 feciffe
498 2888 658 2966 hoc
734 2890 819 2966 in
895 2886 1121 2977 foro,
1171 2891 1475 2993 quoties
1548 2886 1817 3012 aliqua
1877 2888 1981 2964 ita
2046 2872 2519 2966 desiderabat

224 2996 517 3087 utilitas,
586 2998 1091 3105 probantibus
1141 3001 1219 3079 ὅ(
1272 2999 1589 3079 eruditis
1640 3002 1716 3078 &
1771 3002 1868 3076 iis
1892 2999 2024 3120 qui
2058 2995 2518 3096 judicabam,

230 3102 402 3184 seio:
486 3116 558 3191 ὅ(
610 3108 859 3216 <quod
904 3133 1353 3236 arroganter
1416 3108 1797 3193 dixerim,
1849 3112 2028 3214 quia
2070 3106 2239 3187 sunt
2277 3108 2517 3245 pluri-

223 3220 323 3295 mi
375 3223 820 3326 quibuscum
864 3225 1028 3328 egi,
1085 3226 1218 3330 qui
1274 3248 1404 3321 me
1456 3218 1836 3311 ιειεΠειςε
1870 3217 2153 3322 possmt
2190 3214 2246 3296 fi
2295 3246 2514 3298 men-

224 3330 395 3425 tiar)
454 3335 621 3413 fere
663 3334 1081 3438 ponendae
1099 3362 1140 3412 a
1182 3360 1311 3412 me
1356 3314 1590 3417 eausa:
1639 3322 1994 3431 officium
2041 3328 2508 3441 exigebatur.

222 3443 463 3546 Neque
504 3445 694 3526 ideo
753 3468 1012 3525 tamen
1064 3474 1229 3526 non
1297 3445 1559 3551 saepius
1620 3426 1870 3524 facere
1923 3444 2362 3548 oportebit,
2417 3464 2506 3526 ut

224 3574 448 3637 rerum
500 3555 873 3639 ordinem
913 3558 1338 3664 sequamur.
1406 3555 1784 3662 Qaedam
1821 3582 2013 3636 vero
2060 3559 2295 3637 etiam
2339 3579 2498 3634 tur-

224 3665 397 3763 piter
445 3690 1067 3751 convertuntur:
1164 3692 1246 3751 ut
1302 3667 1355 3751 fi
1416 3664 1810 3777 peperiss‘e
1835 3694 2134 3761 narres,
2183 3666 2492 3765 =deinde:

213 3780 657 3884 concepisse:
731 3802 1086 3885 apertum
1134 3779 1715 3871 testamentum,
1771 3778 2052 3861 deinde
2091 3777 2494 3907 signatum.

196 3912 271 3965 m
307 3892 590 3996 quibus
649 3889 704 3970 fi
762 3891 841 3972 id
889 3890 1102 3999 quod
1141 3891 1512 4001 posterius
1564 3894 1670 3974 est
1722 3892 2048 3980 dixeris,
2100 3890 2197 3969 de
2243 3896 2504 3999 priore

196 4020 442 4090 tacere
501 4005 910 4113 optimum
964 4003 1092 4087 est.
1206 4010 1392 4084 Sunt
1437 4004 1794 4114 quaedam
1845 4008 1924 4088 ὅ(
1977 4000 2172 4087 falsae
2217 4000 2509 4107 exposi-

1208 4119 1363 4229 Gg
1420 4141 1453 4219 3
2225 4136 2508 4216 tiones,
