3557 5113
303 168 1000 378 Debgstit.
1027 167 2049 347 Oratoria,Lib.
2080 173 2392 335 XII.
2580 200 2787 321 753

217 473 323 551 M.
348 469 703 551 Tullium
735 462 969 550 video
990 522 1014 558 ,
1076 489 1164 549 ut
1183 495 1367 549 cum
1385 473 1654 552 omnia
1690 472 2051 565 utilitati,
2105 496 2280 555 tum
2315 499 2494 581 par-
2552 457 2850 576 CAQX·

214 601 378 661 tem
403 578 790 690 quandam
803 577 1300 661 delectationi
1337 580 1552 662 daret
1571 638 1594 674 ‚
1625 611 1810 664 cum
1831 591 1909 667 δε
1941 583 2183 693 ipsam
2200 585 2275 665 se
2315 614 2491 671 rem

214 719 441 798 agere
463 691 750 773 diceret
783 691 1099 797 (agebat
1135 714 1399 773 autem
1419 696 1812 793 maxime)
1835 695 2256 803 litigatoris.
2280 701 2493 778 Nam

211 801 366 883 hoc
401 802 566 910 ipso
615 800 978 909 proderat
1014 856 1038 893 ‚
1101 801 1315 909 quod
1368 802 1736 910 placebat.
1846 806 1979 888 Ad
2019 810 2227 909 cujus
2268 808 2495 911 νοΙιι-Ι

211 935 459 1020 ptates
507 913 707 994 nihil
755 912 1123 1022 equidem
1165 914 1380 1023 quod
1405 913 1605 997 -addi
1650 915 1882 1023 posfit
1914 920 2233 1000 invenio
2262 973 2288 1011 ,
2349 917 2493 1000 nifi

210 1047 296 1108 ut
335 1023 583 1106 sensus
623 1053 767 1107 nos
816 1021 1135 1132 quidem
1177 1024 1520 1107 dicamus
1583 1027 1856 1133 plures.
1902 1036 1906 1040 ⁴
1954 1034 2226 1137 Neque
2283 1033 2493 1112 enim

208 1135 382 1217 fieri
414 1137 669 1244 potest
707 1136 910 1219 salva
954 1137 1404 1218 tradiatione
1452 1137 1686 1219 causae
1736 1145 1817 1221 ὃ(
1872 1139 2182 1220 dicendi
2234 1142 2493 1220 aufto-

213 1252 442 1330 ritate
463 1303 490 1341 ‚
551 1247 612 1329 fi
646 1250 978 1328 nimium
1013 1248 1282 1330 crebra
1317 1248 1481 1328 haec
1514 1247 1812 1330 lumina
1847 1255 1926 1331 ὅ(
1947 1254 2307 1331 continua
2326 1252 2485 1332 fue·

205 1363 364 1441 rint
407 1416 430 1451 ,
487 1381 575 1440 ut
629 1386 793 1440 non
840 1362 1185 1441 invicem
1243 1358 1672 1443 offecerint.
1760 1360 1910 1442 Sed
1967 1389 2094 1441 me
2135 1361 2499 1445 hactenus

207 1471 623 1553 cedentem
656 1498 898 1552 nemo
938 1469 1378 1584 ifflquatur
1416 1470 1615 1553 ultra
1681 1502 1702 1552 ε
1778 1470 1887 1552 do
1932 1474 2268 1576 tempori
2304 1525 2328 1563 ,
2391 1499 2494 1552 ne

202 1583 439 1664 crassa
480 1605 662 1690 toga
700 1580 833 1674 fit,
894 1610 1057 1662 non
1094 1582 1328 1664 serica
1365 1614 1383 1662 ε
1451 1610 1553 1663 ne
1594 1582 1980 1664 intonsum
2025 1602 2291 1688 caput,
2332 1610 2498 1664 non

201 1696 287 1775 in
322 1694 605 1802 gradus
651 1714 883 1804 atque
919 1692 1240 1774 annulos
1288 1688 1647 1775 comtum
1685 1730 1710 1773 .-
1777 1720 1961 1776 cum
1992 1698 2076 1774 in
2113 1721 2213 1774 eo
2244 1699 2382 1803 qui
2422 1693 2499 1775 sc

203 1833 372 1887 non
408 1804 505 1887 ad
538 1804 925 1888 luxuriam
965 1832 1053 1886 ac
1104 1803 1509 1886 libidinem
1556 1804 1837 1886 referat
1864 1861 1888 1898 ‚
1941 1802 2214 1886 cadem
2257 1804 2490 1911 speci-

200 1916 456 2002 ofiora
494 1944 802 2024 quoque
853 1915 998 1997 sint
1033 1970 1057 2008 ‚
1115 1944 1282 2024 quae
1344 1915 1804 1997 honestiora.
1898 1923 2288 1999 Caeterum
2339 1917 2497 1999 hoc

197 2026 430 2136 quod
478 2029 718 2132 vulgo
777 2027 1182 2106 sententias
1219 2052 1586 2107 vocamus
1606 2081 1630 2118 ,
1674 2025 2042 2135 quodque
2082 2027 2496 2121 veteribuS,
2628 2117 2631 2118 ⁷

195 2134 589 2249 praecipue
610 2140 895 2221 Graecis
917 2192 941 2229 ,
993 2140 1075 2216 in
1110 2134 1248 2216 usu
1287 2162 1447 2215 non
1484 2135 1628 2217 fuit
1649 2188 1674 2228 ,
1701 2133 1909 2244 apud
1927 2141 2387 2220 Ciceronem
2412 2165 2496 2220 e-

195 2255 379 2332 nim
404 2253 746 2336 invenio,
768 2248 957 2336 dum
980 2274 1151 2330 rem
1184 2248 1657 2338 contineant,
1678 2251 1757 2329 ὃ(
1782 2251 2004 2356 copia
2027 2274 2190 2329 non
2225 2247 2501 2330 redun-

195 2359 397 2443 dent
433 2417 459 2456 ,
512 2369 592 2446 &
651 2361 749 2443 ad
789 2362 1197 2445 victoriam
1234 2356 1577 2465 sp‘estent
1636 2411 1663 2449 ,
1728 2363 1902 2467 quis
1953 2358 2140 2440 utile
2221 2357 2496 2465 neget?

194 2475 518 2556 Feriunt
545 2476 898 2555 animum
947 2526 973 2566 ,
1042 2476 1121 2554 ὃ(
1161 2497 1324 2551 uno
1378 2470 1535 2550 istu
1569 2469 2016 2577 frequenter
2051 2469 2494 2578 impellunt,

195 2591 279 2668 ὃ(
311 2586 474 2694 ipsa
507 2587 886 2668 brevitate
927 2585 1172 2689 magis
1210 2582 1503 2663 haerent
1544 2637 1568 2666 ‚
1644 2584 1725 2662 &
1785 2581 2123 2673 distione
2184 2581 2491 2689 persua·

196 2692 410 2787 dent.
525 2703 645 2779 Ac
684 2696 857 2781 sunt
892 2701 1026 2804 qui
1061 2693 1225 2774 haec
1261 2694 1707 2774 excitatiora
1733 2691 2035 2775 lumina
2054 2691 2344 2774 etiamsi
2382 2692 2493 2775 di-

191 2834 373 2891 cere
404 2813 870 2917 permittant
916 2861 943 2899 ,
1001 2833 1047 2887 a
1099 2801 1670 2911 componendis
1718 2827 1983 2887 tamen
2016 2804 2491 2887 orationibus

192 2918 688 3005 excludenda
714 2920 1200 3000 arbitrentur.
1331 2920 1717 3017 roirca
1762 2918 1963 2997 mihi
2001 2943 2101 2997 ne
2159 2915 2291 2994 hic
2327 2916 2491 3022 qui-

193 3029 382 3115 dem
418 3034 645 3114 locus
684 3030 1006 3111 intactus
1037 3028 1147 3108 est
1183 3027 1666 3107 omittendus
1693 3080 1717 3114 ‚
1775 3024 1992 3134 quod
2025 3025 2284 3131 plures
2321 3052 2495 3107 eru-

190 3136 557 3228 dirorum
587 3141 813 3223 aliam
856 3139 1002 3221 esse
1053 3134 1361 3221 dicendi
1394 3140 1826 3222 rationem,
1850 3137 2083 3217 aliam
2116 3133 2494 3232 scribendi

187 3274 674 3365 putaverunt
714 3288 740 3333 .-
803 3248 1138 3360 ideoque
1174 3251 1256 3328 in
1298 3246 1598 3354 agendo
1623 3246 2069 3331 clarissimos
2092 3245 2494 3356 quosdam,

196 3368 402 3451 nihil
440 3365 871 3476 posteritati
899 3359 1409 3467 mansurisque
1443 3388 1635 3447 mox
1670 3360 1912 3441 literis
1942 3357 2319 3467 reliquisse
2351 3414 2373 3448 ‚
2410 3378 2493 3464 ut

195 3479 584 3561 Periclem
635 3482 715 3559 &
755 3471 1197 3578 Demadem
1237 3502 1256 3551 ε
1351 3471 1600 3553 rursus
1635 3474 1826 3553 alios
1865 3470 1960 3552 ad
2010 3496 2493 3575 componen-

203 3586 406 3670 dum
458 3592 804 3696 optimos
843 3641 870 3679 ,
916 3582 1356 3671 ustionibus
1402 3582 1724 3666 idoneos
1777 3611 1943 3665 non
1983 3581 2196 3662 fuiss'e
2220 3636 2244 3672 ,
2279 3605 2390 3675 ut
2429 3587 2490 3662 1-

195 3696 586 3787 socratem
624 3731 644 3782 ε
689 3721 1056 3809 praetcrca
1094 3753 1120 3789 ,
1191 3699 1271 3779 in
1305 3694 1617 3801 ‘agendo
1651 3695 1823 3801 plus
1853 3698 2236 3802 impetum
2282 3690 2490 3798 posse

191 3810 674 3921 *plerumque
696 3866 722 3905 ‚
776 3817 856 3894 δι
905 3814 1183 3919 petitas
1224 3805 1354 3889 vel
1376 3806 1610 3913 paulo
1641 3808 1994 3891 licentius
2033 3807 2482 3911 voluptates.

187 3922 853 4012 commovendos
882 3927 1098 4009 enim
1130 3917 1342 4119 ²¹}ss
1360 3916 1948 4114 k{Elq'cenclosquc
1989 3923 2290 4035 animo}
2324 3915 2484 4039 im:-

1589 4056 1629 4135 3
2175 4042 2475 4134 perito·

2509 4217 2604 4261 ,Λ
2626 4272 2629 4275 ,
2654 4194 2766 4276 ”²21
2814 4204 2818 4209 ’
