3557 5113
306 199 552 377 De
560 204 997 421 Izssit.
1029 197 2336 382 OratoriaLibssXll
2347 337 2374 363 .
2536 416 2544 423 ·
2590 243 2819 357 741

182 507 413 589 etiam
450 507 587 614 qui
626 502 829 589 forte
867 502 1349 616 susceperunt
1407 511 1722 616 negotia
1764 510 2003 620 paulo
2051 509 2148 595 ad
2196 512 2459 596 dicen·
2515 522 2703 601 Cn.
2740 512 2892 608 tx'2

183 617 371 702 dum
413 623 766 702 tenuiora
797 675 820 711 ‚
888 621 1353 702 extrinsecus
1389 616 1730 703 adduffls
1764 650 1853 704 ea
1895 628 2115 706 rebus
2137 632 2462 710 circum-

183 732 459 813 liniunt
495 763 513 812 :
587 729 752 813 aest
799 732 1226 820 defecerint
1261 732 1404 814 alia
1441 785 1463 824 ‚
1528 739 1897 817 conviciis
1952 741 2283 843 implent
2329 763 2459 822 va·-

179 867 319 926 cua
358 842 805 926 causarum:
865 843 920 924 ss
961 849 1666 953 contmg1t‚·veris·,·
1729 848 1789 927 s1
1842 851 2121 931 ‘minus
2164 901 2183 936 ‚
2228 849 2466 934 ficiis.-

162 957 426 1038 modo
479 955 570 1038 fit
620 960 942 1038 materia
986 963 1274 1064 ingenii
1326 1013 1349 1042 .
1439 982 1983 1069 mereaturque
2033 964 2468 1048 clamorem

173 1067 368 1149 dum
405 1066 707 1150 dicitur.
799 1067 1042 1174 Qod
1079 1096 1230 1176 ego
1272 1065 1469 1149 adeo
1504 1070 1737 1178 longe
1778 1096 1973 1178 puto
2010 1074 2104 1155 ab
2147 1095 2463 1157 oratore

173 1180 521 1288 perfesto
545 1238 568 1272 ‚
634 1203 722 1262 ut
759 1207 940 1261 eum
979 1209 1075 1261 ne
1116 1207 1296 1263 vera
1330 1179 1653 1290 quidem
1685 1183 2167 1287 objecturum
2216 1213 2239 1279 ,·
2318 1186 2463 1271 nifi

169 1292 252 1373 id
283 1293 504 1376 eausa
547 1297 835 1402 exigit,
896 1292 1235 1387 credam.
1327 1299 1430 1400 Ea
1472 1295 1842 1388 est‘enim
1901 1299 2208 1404 pror-sus
2260 1289 2460 1380 cani}

165 1433 265 1486 nae
303 1462 329 1497 ‚
384 1426 471 1487 ut
512 1409 618 1486 ait
657 1407 959 1514 Appius
996 1460 1020 1496 ‚
1047 1407 1485 1517 eloquentia,
1507 1416 1951 1517 cognituram
1993 1401 2466 1493 maledicendi

137 1515 401 1625 Jibire
435 1552 458 1596 .·
522 1516 737 1625 quod
772 1517 1219 1600 facientibus
1259 1574 1282 1602 ‚
1334 1519 1566 1598 etiam
1615 1518 1818 1600 male
1857 1518 2216 1603 audiendi
2267 1550 2458 1629 prae-⁴

161 1627 538 1713 sumenda
575 1632 942 1737 patientia
999 1628 1126 1710 est.
1219 1636 1425 1710 Nam
1477 1635 1558 1712 &
1612 1633 1691 1711 in
1735 1630 1934 1739 ipsos
1986 1630 2079 1712 fit
2124 1636 2465 1740 impetus

156 1742 620 1852 frequenter
653 1747 788 1852 qui
834 1763 1207 1852 egerunt,
1266 1737 1352 1825 δεΐ
1378 1765 1588 1823 certe
1611 1748 1935 1850 patroni*
1947 1741 2458 1850 petulantiam
2660 1845 2667 1848 ,

158 1847 518 1963 litigator
551 1853 724 1936 luit.
801 1855 949 1937 Sed
985 1856 1146 1937 haec
1189 1849 1497 1948 minora
1540 1854 1715 1937 sunt
1756 1855 1924 1966 ipso
1963 1856 2108 1936 isso
2146 1858 2344 1938 vitio
2379 1887 2459 1937 a-
2528 1953 2531 1958 ‚

154 1970 365 2048 nimi
408 2020 432 2057 ,
477 1992 642 2074 quo
683 1964 1090 2048 maledicus
1140 1993 1185 2055 a
1228 1965 1594 2047 malefico
1634 1995 1798 2051 non
1836 1966 2102 2057 distat,
2139 1967 2277 2049 nisi
2324 1997 2449 2049 oc-

152 2078 495 2160 cafione.
556 2079 841 2185 Turpis
887 2076 1238 2185 voluptas
1274 2132 1302 2172 ,
1363 2078 1908 2161 &inhumana
1928 2113 1965 2165 ’.
2020 2082 2305 2161 &nulli
2331 2109 2456 2161 au-

147 2188 549 2270 dientium
600 2189 815 2272 bono
871 2210 1089 2295 grata
1137 2216 1159 2269 t
1233 2214 1283 2272 ι
1325 2187 1842 2295 litigatoribus
1896 2190 2217 2299 quidem
2306 2192 2462 2272 fre-

148 2317 502 2411 'quenter
529 2296 882 2409 *exigitur
915 2356 938 2393 ‚
1007 2301 1142 2410 qui
1191 2300 1582 2384 ultionem
1635 2301 1937 2383 malunt
1975 2359 1998 2393 ‚
2054 2328 2288 2410 quam
2327 2302 2462 2383 de·-

144 2413 622 2496 fenfionem.
716 2413 864 2496 Sed
908 2440 1160 2522 neque
1215 2412 1361 2494 alia
1418 2412 1816 2494 multaad
1871 2415 2275 2493 arbitrium
2328 2441 2462 2495 eo·

147 2545 336 2610 rum
383 2523 736 2609 facienda
778 2525 963 2607 sunt.
1036 2530 1215 2607 Hoc
1244 2522 1566 2635 quidem
1611 2528 1787 2634 quis
1825 2523 2233 2606 hominum
2269 2525 2458 2608 libe-

151 2644 232 2727 ri
263 2640 531 2729 modo
559 2638 935 2755 sanguinis
974 2637 1372 2723 sustineat,
1436 2639 1787 2745 petulans
1825 2637 1972 2717 ess'e
2010 2637 2107 2718 ad
2150 2637 2459 2723 alterius

145 2755 580 2835 arbitrium
618 2759 659 2831 ,ἓ
716 2754 957 2859 Atqui
995 2746 1234 2832 etiam
1274 2753 1354 2829 in
1390 2746 1806 2836 advocatos
1836 2753 2071 2858 partis
2122 2748 2458 2834 adversae

143 2856 506 2947 libenter
534 2862 891 2945 nonnulli
929 2863 1446 2948 invehuntur:
1507 2861 1724 2971 quod
1762 2861 1902 2943 niss
1943 2859 2000 2943 fi
2060 2862 2260 2941 forte
2291 2890 2454 2943 me-

145 2999 497 3060 ruerunt
537 3031 563 3068 ,
628 2982 708 3058 &
766 2973 1276 3056 inhumanum
1334 2971 1454 3054 est
1500 2973 1846 3081 respe&u
1904 2976 2453 3056 communium

139 3089 620 3172 officiorum
643 3142 667 3179 ,
692 3141 696 3151 ,
722 3091 803 3168 δε
839 3110 1024 3167 cum
1062 3084 1200 3193 ipfi
1237 3087 1373 3192 qui
1398 3082 1919 3174 dicitsinutsse
1941 3139 1963 3174 ‚
1991 3094 2218 3178 (nam
2236 3081 2452 3165 idem

137 3203 336 3304 juris
379 3196 854 3306 responsuris
892 3196 1160 3300 datur)
1201 3218 1375 3276 tum
1410 3195 1643 3277 caufae
1677 3197 2155 3277 contrarium
2189 3251 2211 3286 ,
2266 3198 2447 3302 quia

135 3315 398 3423 plane.
426 3312 844 3396 adversarii
898 3366 922 3402 ,
977 3309 1181 3391 fiunt
1262 3313 1344 3389 &
1377 3309 1672 3387 inimici
1719 3345 1743 3386 .·
1808 3314 1886 3391 δι’
1952 3306 2449 3415 quantulum-

141 3428 474 3534 eunque
516 3425 635 3504 his
666 3426 954 3507 virium
998 3422 1109 3503 est
1144 3477 1165 3506 ‚
1231 3421 1700 3501 contumelia
1768 3442 2108 3526 augetur.
2203 3426 2448 3525 Super
2579 3443 2590 3452 ·

141 3542 433 3621 omnia
482 3540 686 3642 perit
722 3535 852 3615 illa
896 3562 1068 3645 quae
1108 3533 1530 3642 plurimum
1581 3534 1872 3612 oratori
1938 3537 2014 3613 δε
2053 3530 2453 3615 auetorita-

146 3654 252 3731 tis
285 3655 374 3730 ὅ(
418 3644 610 3728 fidei
649 3647 873 3729 affert
910 3703 934 3739 ,
987 3643 1358 3727 modestia
1384 3700 1407 3736 ‚
1480 3644 1618 3726 fi‘a
1657 3647 1831 3727 viro
1874 3646 2086 3724 bono
2122 3648 2203 3723 in
2225 3644 2449 3724 rabu-

137 3758 338 3843 lam‘
366 3754 976 3870 latratoremque
1029 3760 1504 3841 convertitur
1563 3764 1602 3849 ,'
1639 3756 2106 3864 compositus
2139 3784 2299 3836 non
2351 3753 2451 3836 ad

138 3876 530 3958 animum
568 3869 879 3971 judicis,
941 3870 1068 3952 sed
1104 3869 1214 3951 ad'
1242 3868 1725 3952 stomachum
1778 3869 2201 3978 litigatoris.
2277 3871 2449 3945 Fre-

138 4005 511 4107 quenter
548 3989 777 4068 etiam
831 3984 1114 4095 speeies
1154 3982 1520 4067 libertatis
1573 3980 2111 4068 deducere-ad
2138 3976 2455 4064 'temeri-

133 4130 156 4161 ι
189 4136 230 4144 -·
363 4136 374 4143 ,
1335 4098 1655 4180 Aaaaa
2203 4107 2448 4173 tatem
