3557 5113
658 160 663 167 ⁵
829 194 1050 336 ‘142

932 508 1007 534 .,
1171 410 1367 545 M.
1433 402 1951 545 FABII
2054 398 3392 582 QuNCTlLlANl

744 1794 972 1873 Cn.
1063 1789 1113 1866 I.

1186 770 1193 773 ,
2121 716 2130 723 ·
2207 652 2306 768 D
2367 662 2439 768 E

1251 884 2411 1101 Institutione
2514 876 3318 1046 Oratoria

1624 1178 3008 1509 L113ERIH.

1692 1745 2122 1824 UONIAM
2189 1744 2268 1819 in
2310 1740 2510 1820 libro
2550 1732 2885 1823 secundo
2924 1733 3284 1848 quaesitum
3311 1725 3391 1808 est

1754 1851 1947 1960 quid
1993 1851 2173 1931 esset
2226 1853 2655 1938 rhetorice,
2709 1861 2789 1935 &
2846 1857 3012 1961 quis
3054 1850 3209 1929 finis
3243 1846 3389 1943 eju53

1747 1985 1999 2042 artem
2051 1970 2366 2071 quoque
2422 1993 2598 2043 eam
2633 1963 2821 2055 esse,
2886 1971 2964 2045 δ(
3014 1961 3287 2043 utilem,
3333 1956 3388 2029 ὅ(

1749 2079 2169 2165 virtutem,
2275 2096 2359 2154 ut
2440 2081 2643 2156 vires
2718 2075 2993 2155 nostra:
3063 2073 3390 2153 tulerunt,

1752 2184 2270 2267 ostendimus:
2316 2191 2879 2296 materiamque
2919 2190 2990 2268 ei
3035 2213 3143 2265 res
3179 2197 3389 2257 omnes

1760 2297 1858 2377 de
1932 2298 2202 2406 quibus
2287 2297 2545 2378 dicere
2636 2319 3032 2405 oporteret
3060 2353 3082 2387 ‚
3156 2286 3392 2380 subjeci·

1163 2436 1390 2490 mus:
1486 2414 1645 2512 jam
1721 2408 1951 2501 hine,
2023 2406 2230 2488 unde
2287 2414 2609 2515 coeperit
2653 2466 2676 2502 ‚
2778 2410 3047 2520 quibus
3114 2398 3388 2485 constet,

1164 2550 1326 2632 quo
1366 2549 1690 2632 quaeque
1744 2524 1832 2601 in
1885 2547 1977 2600 ea
2035 2519 2281 2601 modo
2333 2522 2803 2604 invenienda
2859 2543 3112 2630 atque-
3139 2511 3392 2595 tractan-

1162 2636 1261 2714 da
1301 2632 1449 2712 sint
1472 2692 1494 2725 ,
1557 2660 1915 2740 exequar.
2014 2637 2220 2711 Intra
2256 2659 2493 2740 quem
2532 2634 2867 2715 modum
2903 2633 3225 2740 plerique
3263 2618 3392 2700 scri·

1159 2769 1420 2855 ptores
1494 2749 1780 2823 artium
1843 2741 2349 2823 constiterunt
2393 2803 2415 2831 ,
2508 2743 2704 2826 adeo
2787 2771 2873 2828 ut
2941 2735 3392 2850 Apollodorus

1158 2879 1570 2937 contentus
1639 2852 1817 2934 solis
1886 2852 2372 2957 juffiefflffifi}
2405 2855 2689 2938 '‘fst‘e‘rft.
2807 2866 2980 2943 Nee·
3024 2854 3183 2934 ffiffi
3227 2851 3392 2953 ‘sgffi-

1158 2996 1327 3058 rus,
1384 2968 1535 3046 hoc
1579 2994 1622 3046 a
1672 2995 1804 3046 me
1861 2969 2245 3075 praecipue
2283 3023 2305 3052 ‚
2377 2967 2593 3075 quod
2647 2971 2779 3050 bic
2847 2971 3039 3051 liber
3096 2962 3393 3044 inchoat,

1160 3107 1401 3185 opus,
1452 3077 1829 3158 studiosos
1880 3080 2041 3180 ejus
2092 3077 2534 3160 desiderasse
2561 3136 2586 3171 ,
2651 3104 2738 3162 ut
2780 3077 3243 3190 inquisitione
3271 3064 3394 3184 opi·

1165 3195 1542 3282 nionum,
1584 3217 1755 3298 quae
1823 3186 2342 3273 diversiffimae
2405 3192 2718 3272 fuerunt
2742 3249 2766 3287 ,
2843 3193 3070 3298 longe
3106 3171 3394 3266 difficilli-

1163 3332 1429 3393 mum,
1494 3308 1595 3383 ita
1654 3302 1912 3382 nescio
1953 3329 2051 3381 an
2106 3303 2922 3410 minime.legentibus
2949 3305 3262 3383 futurum
3296 3312 3394 3367 VO-

1162 3413 1492 3521 luptati:
1584 3418 1873 3520 quippe
1939 3411 2157 3521 quod
2224 3442 2473 3521 prope
2539 3416 2835 3497 nudam
2903 3419 3395 3524 praeceptorum

1165 3525 1668 3605 traditionem
1734 3522 2129 3604 desideret.
2245 3531 2332 3605 In
2382 3530 2670 3607 caeteris
2757 3531 2974 3609 enirn
3045 3513 3396 3604 admiscere

1164 3637 1626 3716 tentavimus
1675 3634 1972 3743 aliquid
2007 3640 2324 3725 nitoris,
2388 3665 2553 3718 non
2600 3638 2929 3740 jaetandi
2969 3632 3239 3744 ingenii
3274 3645 3396 3730 gm-

1170 3751 1277 3826 tia
1336 3757 1725 3853 (namque
1784 3751 1870 3827 in
1943 3746 2026 3827 id
2088 3749 2272 3855 eligi
2330 3753 2657 3834 materia
2732 3772 3034 3860 poterat
3098 3738 3393 3825 uberior)

1165 3857 1299 3938 sed
1354 3881 1440 3937 ut
1478 3857 1631 3937 hoc
1697 3859 1867 3965 ipso
1933 3857 2420 3942 alliceremus
2485 3867 2735 3968 magis
2810 3869 3270 3969 juventutem
3329 3833 3397 3920 ad

1156 3969 1709 4078 ‘c‘og'hitib'fiem
1787 3998 2064 4051 eorum
2136 3997 2307 4079 quae
2366 3973 2769 4058 necessaria
2824 3971 3084 4058 studiis
3141 3962 3399 4144 arbitiu-z:⁴

3239 4097 3309 4150 m
3380 4116 3393 4140 ‚
