3557 5113
1040 272 1228 350 legum
1253 261 1659 327 «mandarum
1683 252 1952 329 rationem
1976 256 2046 321 ad
2069 257 2286 322 laudem
2310 273 2407 341 aut
2437 255 2924 349 vituperationem,
2945 261 3018 325 ad
3039 260 3349 331 santionem

1038 372 1134 417 aut
1152 349 1547 415 accusationem
1581 364 1680 421 pro
1701 340 2092 401 consuetudine
2116 347 2172 402 δι
2200 345 2310 414 jure
2339 340 2622 399 civitatum
2651 382 2667 406 .
2710 346 2766 401 δι
2794 343 3057 421 quicquid
3082 348 3214 405 circa
3244 347 3351 407 has

1041 433 1209 493 refelli
1226 445 1320 490 aut
1342 428 1501 488 astrui
1521 420 1682 501 poffit
1722 420 1751 498 (
1773 419 1925 498 quod
1939 440 2123 500 genus
2145 437 2367 502 propter
2389 417 2768 511 difficultatem
2793 424 3196 488 exercitationes
3213 445 3349 490 om-

1036 532 1135 575 ncs
1160 512 1371 592 superet
1395 508 1426 587 )
1470 503 1755 583 diligenter
1775 517 2072 579 exequitur.

1176 750 1185 759 -
1338 713 1450 785 De
1480 696 1784 782 lel't'ione
1815 684 2181 893 oJatoer
2219 694 2313 787 ό*
2343 692 2827 807 historicorum
2861 696 3057 811 apud

1652 848 1659 855 .
2001 843 2042 895 r
2095 835 2380 894 ctorem.

1956 995 2244 1065 CAP.
2345 997 2430 1065 V.

1150 1206 1486 1273 Rofuturum
1517 1204 1789 1284 discipulis
1808 1204 2109 1284 plurimum
2138 1208 2214 1268 ait
2236 1243 2254 1270 2
2292 1202 2332 1262 fi
2367 1204 2550 1263 rhetor
2579 1221 2674 1262 eos
2708 1200 2942 1265 historiae
2968 1220 3132 1286 atque
3169 1211 3350 1272 etiam

1028 1219 1329 1372 Pmagis
1349 1288 1666 1349 orationum
1695 1285 1924 1346 lectione
1951 1286 2265 1344 instruxerit.
2343 1287 2523 1364 Atque
2545 1283 2651 1341 hoc
2675 1283 2805 1342 loco
2823 1286 2983 1362 'quod
3010 1286 3071 1345 sit
3107 1287 3351 1351 rhetoris

1026 1367 1290 1430 'officium
1319 1368 1511 1435 docet,
1549 1383 1747 1443 nempe
1775 1404 1793 1427 ‚
1834 1362 2044 1423 filentio
2075 1365 2222 1423 fasto
2257 1384 2432 1435 unum
2457 1363 2701 1440 aliquem
2730 1382 2821 1433 per
2852 1366 2992 1424 vices
3018 1366 3358 1428 constituere·

1037 1449 1296 1508 lectorem
1318 1489 1333 1511 .
1379 1451 1436 1506 in
1467 1464 1584 1521 quo
1618 1447 1839 1503 virtutes
1872 1443 2271 1507 demonstrare,
2298 1443 2380 1503 vel
2402 1487 2416 1509 ,
2438 1440 2493 1501 ,fi
2525 1458 2596 1501 tta
2623 1440 2856 1512 incidat,
2880 1446 3009 1503 vitia
3034 1443 3195 1523 poffit
3219 1486 3238 1514 .
3282 1466 3352 1508 ut

1035 1527 1233 1605 reliqui
1278 1526 1528 1605 protinus
1567 1524 2010 1600 pronuntiationi
2049 1542 2272 1600 quoque
2302 1517 2588 1581 assuescant
2625 1544 2640 1577 ε
2684 1537 2803 1579 tum
2843 1521 3123 1601 diligenter
3160 1540 3350 1601 partes

1032 1624 1231 1665 omnes
1254 1603 1548 1669 orationis,
1573 1620 1772 1661 -earum
1798 1603 1912 1659 vim
1936 1606 1993 1659 δι
2020 1604 2406 1679 proprietatem
2429 1617 2672 1658 excutere
2696 1616 2708 1648 τ
2750 1619 2817 1657 ne
2843 1604 2976 1681 quid
3006 1621 3222 1661 maneat
3249 1605 3354 1661 in-

1034 1685 1282 1750 tastum5
1320 1679 1451 1758 quid
1480 1678 1806 1739 elocutionis
1831 1679 2271 1756 inventionrsque
2296 1681 2606 1756 proprium,
2636 1697 2758 1755 quat
2783 1678 3068 1754 prudentia
3085 1678 3351 1741 dividen-

1030 1762 1113 1828 di,
1126 1780 1250 1840 quat
1269 1758 1525 1817 subtilitas
1554 1756 1992 1836 argumentandi,
2018 1756 2321 1833 frequenter
2353 1758 2519 1817 etiam
2546 1756 2669 1816 suos
2690 1759 3045 1837 interrogare,
3066 1764 3352 1820 &eorum

1032 1839 1297 1915 judicium
1316 1837 1558 1915 experiri.
1640 1839 1772 1892 Fore
1797 1836 1964 1893 etiam
1997 1836 2145 1900 utile,
2165 1834 2218 1892 -si
2246 1852 2508 1912 corruptae
2533 1842 2588 1894 δι
2617 1837 2823 1894 vitiosae
2846 1839 3124 1897 orationes
3159 1842 3349 1917 pueris

1031 1937 1153 1979 non
1177 1914 1403 1995 quidem
1426 1912 1494 1972 ad
1516 1912 2022 1979 imitationem‚sed
2059 1929 2117 1969 ut
2149 1914 2304 1972 vitari
2337 1915 2466 1974 vitia
2496 1913 2702 1975 facilius
2728 1932 2927 1990 queant
2952 1955 2972 1984 ,
3014 1936 3112 1995 pro
3153 1937 3347 1977 onan-

1022 2015 1139 2057 .tur.
1220 2001 1416 2072 Neque
1439 1993 1655 2051 interim
1676 1989 1959 2070 prohibet,
1985 2007 2043 2048 ut
2079 1992 2160 2050 vel
2188 1992 2293 2069 ipse
2323 2011 2492 2068 praece
2534 2010 2619 2051 tor
2644 1992 2903 2052 declamet
2930 2033 2945 2057 .
2988 1996 3072 2054 vel
3120 2014 3219 2054 uos
3242 1996 3349 2053 do-

1027 2072 1451 2135 clamationibus
1488 2085 1767 2129 exerceat:
1808 2088 1998 2129 verum
2033 2070 2212 2128 multo
2247 2071 2368 2147 plus
2404 2013 2727 2131 collaturum
2764 2072 3031 2148 discipulis
3061 2115 3077 2138 .
3108 2070 3149 2131 si
3194 2074 3347 2136 hane

1026 2174 1256 2231 operam
1281 2155 1338 2212 in
1362 2150 1613 2231 gravium
1638 2148 1936 2209 hominum
1966 2145 2307 2210 orationibus
2326 2152 2573 2228 posuerit.
2645 2157 2695 2227 ‘q
2738 2156 2800 2207 Et
2823 2151 2952 2229 quia
2973 2152 3344 2227 periculosum

1026 2233 1105 2293 est
1129 2230 1239 2292 fine
1266 2230 1472 2289 delectu
1497 2228 1750 2305 quemvis
1788 2230 1843 2284 in
1872 2247 2104 2285 manum
2138 2228 2343 2287 sumere
2370 2269 2387 2294 ,
2421 2232 2671 2305 optimos
2706 2230 2950 2306 quosque
2971 2237 3031 2290 oe
3059 2231 3344 2291 candidis-

1016 2308 1201 2385 „fimos
1221 2351 1240 2380 ‚
1277 2308 1425 2369 suavi
1449 2316 1607 2382 copia
1638 2312 1695 2365 ὅ(
1719 2306 2086 2382 perspicuitate
2109 2305 2368 2365 amabiles
2388 2346 2407 2377 ‚
2490 2307 2632 2367 uales
2668 2310 2861 2381 Cicero
2883 2314 2939 2368 δι
2967 2311 3156 2372 Livius
3180 2352 3197 2375 ‚
3236 2311 3342 2370 eli-

1010 2388 1238 2469 gendos
1254 2386 1443 2447 censet.
1510 2386 1548 2465 J
1574 2393 1753 2463 Atque
1772 2402 2030 2443 autorum
2056 2404 2249 2464 genera
2269 2384 2381 2445 duo
2406 2327 2509 2445 cille
2528 2385 2794 2446 cavendae
2821 2386 3108 2449 hort-idum
3134 2409 3341 2455 unum.

1024 2475 1088 2528 δι
1114 2473 1227 2541 iam
1252 2466 1551 2527 obliterata:
1586 2463 1724 2522 illius
1758 2464 2097 2540 antiquitatis
2119 2506 2135 2529 ,
2179 2462 2411 2522 alterum
2450 2484 2610 2524 novae
2647 2464 2875 2526 licentiat
2911 2468 3193 2529 lenociniis
3215 2467 3338 2527 fine

1012 2542 1283 2629 'gravitate
1315 2544 1603 2607 lasciviens.
1679 2539 1879 2599 Solidis
1907 2548 2162 2601 tamen&
2178 2549 2288 2616 jam
2313 2539 2487 2602 firmis
2527 2546 2757 2622 ingeniis
2787 2547 2845 2604 in
2875 2547 3108 2625 utrisque
3134 2548 3340 2607 versari

1020 2625 1289 2700 permittit
1315 2662 1336 2691 ,
1376 2639 1434 2681 ut
1469 2641 1533 2681 ex
1565 2620 1665 2678 illis
1685 2620 1838 2680 virile
1872 2618 2158 2697 quiddam,
2177 2640 2242 2679 ex
2270 2620 2353 2680 his
2375 2620 2696 2686 flosculos&
2728 2627 2970 2689 nitorem
2992 2626 3336 2709 detergendo

1008 2699 1165 2778 ludis
1190 2701 1349 2766 seculi
1386 2701 1621 2778 squalori
1641 2713 1835 2780 aptum
1853 2697 2108 2778 colligere
2127 2697 2348 2780 poffint.

1895 2911 2007 2984 De
2073 2893 2443 2995 divisione.

1976 3035 2168 3108 CAP.
2245 3037 2364 3110 VI.

1004 3237 1253 3386 'Qua
1274 3246 1483 3320 ratione
1515 3244 1662 3325 pueri
1685 3244 1753 3306 ad
1781 3265 1963 3309 veram
1989 3243 2452 3326 compositionem
2474 3250 2530 3307 ει
2554 3247 2768 3324 plenam
2790 3245 2912 3328 styli
2939 3244 3257 3311 facultatem
3283 3270 3321 3312 a

1165 3326 1578 3405 praeceptoribus
1621 3325 1944 3405 perducendi
1983 3325 2086 3386 sint
2122 3326 2299 3386 docet.
2382 3332 2448 3386 Et
2486 3329 2725 3404 primum
2763 3328 3037 3406 duplicem
3078 3328 3325 3392 ostendit

1014 3408 1167 3467 viam
1186 3424 1217 3463 a
1238 3403 1456 3462 diversis
1477 3409 1572 3463 usu
1597 3422 1867 3483 receptam
1892 3428 1908 3462 ε
1945 3425 2116 3464 unam
2139 3445 2154 3468 .
2196 3425 2302 3481 qua
2328 3409 2574 3465 materias
2592 3426 2727 3484 quas
2747 3406 3016 3484 discipulis
3035 3404 3235 3467 dabant
3262 3412 3325 3470 in

1004 3487 1231 3552 summa
1253 3484 1429 3561 capita
1464 3482 1711 3560 partitas,
1756 3484 1916 3544 latius
1943 3481 2175 3543 dicendo
2201 3483 2686 3560 prosequebantur.
2723 3492 2782 3545 ὅ(
2817 3488 3151 3565 argumentis
3181 3486 3325 3548 effe-

1004 3563 1292 3640 Etibusque
1328 3559 1659 3638 implebant:
1698 3561 1941 3622 Alteram
1965 3603 1981 3626 .
2024 3582 2132 3639 qua
2156 3560 2365 3620 casdem
2392 3558 2658 3636 simplices
2688 3583 2992 3644 proponere
3022 3568 3276 3628 contenti
3299 3606 3320 3631 .

1000 3640 1132 3720 post
1163 3640 1623 3700 declamationem
1655 3639 1851 3715 in‘quo
1889 3640 2112 3719 quisque
2145 3636 2353 3699 errasset
2382 3678 2397 3701 2
2445 3641 2797 3702 ostendebant
2833 3687 2851 3710 .
2891 3664 3121 3721 quarum
3157 3641 3195 3700 li
3233 3645 3321 3705 se·

1045 3718 1263 3780 aranda
1296 3717 1396 3777 fint
1431 3757 1449 3786 ,
1492 3721 1729 3794 priorem
1769 3719 2011 3790 subjestis
2047 3719 2338 3778 rationibus
2368 3719 2534 3800 longe
2569 3724 3013 3783 commodiorem
3042 3718 3142 3781 effe
3175 3739 3319 3798 pro·

1040 3812 1111 3861 at.
1167 3803 1362 3857 utram
1405 3816 1471 3855 ue
1494 3795 1763 3856 rationem
1788 3796 2117 3856 miscendam
2145 3798 2357 3862 suadet,
2381 3804 2435 3858 δι
2459 3805 2694 3877 primum
2727 3805 2981 3865 materias
3004 3802 3146 3862 velut
3170 3821 3319 3879 ρης..

996 3877 1266 3937 formatas
1289 3818 1493 3937 tradere
1515 3874 1808 3934 secundum
1833 3878 2082 3955 cujusque
2111 3878 2264 3941 vires,
2291 3875 2487 3938 deinde
2511 3899 2636 3939 cum
2665 3880 2907 3959 prostati
2932 3882 3111 3962 brevia
3140 3900 3313 3956 quae-

994 3955 1137 4016 dam
1161 3954 1398 4037 vestigia.
1478 3951 1765 4014 Postremo
1790 3956 1895 4014 suis
1920 3974 2014 4016 eos
2038 3957 2341 4032 permittere
2365 3958 2567 4024 viribus
2588 3999 2610 4033 ,
2642 3962 2832 4028 avium
2851 3961 3108 4044 exemplo
3126 4001 3143 4030 .
3175 3959 3316 4022 suot

988 4034 1182 4116 pullus
1210 4034 1283 4100 ad
1309 4033 1560 4102 volatum
1586 4032 1662 4100 ita
1688 4035 1955 4136 paulatim
1983 4033 2399 4108 instituentium.
3189 4134 3265 4204 D

3266 4145 3313 4203 e
