3557 5113
1714 174 1943 289 3⁶⁴³(
1997 203 2053 262 0
2106 173 2144 287 )
2202 189 2335 267 ⁵⁶·

692 399 768 475 P.
808 388 961 490 24'56.
992 387 1128 471 lin.
1168 415 1283 469 20.
1318 385 1670 496 redigam
1708 413 1923 471 meas
1946 391 2277 472 arbores.

689 514 766 587 P.
812 523 960 601 663.
999 505 1133 582 lin.
1175 528 1224 600 5.
1259 501 1450 582 locis
1486 530 1632 607 pro
1670 528 1864 581 cera.

687 624 766 697 P.
816 625 965 712 683.
1005 617 1142 694 lin.
1185 640 1277 709 15.
1316 615 1692 711 Qamvis
1731 614 1993 718 fulgor
2028 612 2164 692 ille
2202 607 2529 693 finistras
2566 612 2945 719 imagines
2980 609 3274 696 reddat.

664 734 768 809 .P.
805 754 970 821 709.
1013 728 1150 804 lin.
1190 735 1282 803 16.
1323 727 1642 804 initium
1684 753 1727 803 a
1761 730 2013 830 parvis
2039 750 2511 830 ceperamus.

691 844 773 921 P.
813 866 963 931 719.
1003 839 1144 917 lin.
1187 864 1274 914 11.
1317 838 1633 917 vincere
1672 837 1977 916 hostem
2025 840 2293 918 civitas
2339 863 2502 915 non
2539 832 2791 943 possit.

689 955 769 1033 P.
804 973 949 1043 725.
984 949 1118 1028 lin.
1153 974 1224 1041 4.
1268 972 1435 1025 non
1466 948 1672 1027 inter
1705 949 1993 1028 multas
2026 948 2280 1054 potest
2309 946 2456 1027 esse
2497 949 2928 1030 contentio.

691 1066 766 1139 P.
813 1085 955 1155 735.
993 1060 1130 1138 lin.
1168 1085 1260 1138 12.
1300 1083 1542 1166 quem
1577 1063 1656 1136 in
1693 1061 2117 1167 eloquente
2163 1064 2586 1165 exegimus.

691 1175 770 1251 P.
818 1180 980 1265 748.
1015 1172 1152 1251 lin.
1193 1196 1254 1250 z.
1298 1169 1396 1250 ad
1435 1174 1786 1252 Coccum
1814 1178 1892 1254 &
1925 1170 2449 1251 Andocidem.

803 1487 982 1552 Sunt
1018 1467 1110 1560 ὁ·
1141 1468 1412 1549 alicubi
1459 1473 1702 1574 divfi
1722 1501 2103 1584 petperam
2136 1471 2525 1555 vocabula,
2577 1495 2656 1551 ut
2684 1503 2707 1546 .-
2758 1471 3156 1555 tran-'slata
3175 1527 3197 1562 ‚
3255 1473 3380 1553 di-

692 1582 935 1663 scede.
995 1587 1073 1661 δε
1085 1590 1462 1690 geminatae
1464 1583 1781 1692 ſjffabae,
1816 1610 1942 1666 ut:
2000 1613 2389 1693 genenera
2414 1641 2438 1676 ‚
2478 1584 2915 1669 dicacamus
2950 1642 2972 1677 ,
3031 1583 3121 1676 ὠ
3156 1587 3384 1665 litere

693 1696 823 1774 vel
844 1693 1260 1796 omiffiemt:
1301 1694 1607 1774 interst:
1665 1699 1797 1775 vel
1834 1701 2114 1802 intraſse
2147 1752 2167 1786 ,
2211 1720 2294 1776 ut
2323 1731 2348 1774 .-
2403 1704 2455 1772 d
2476 1697 2835 1802 ’ωε-τροφή.
2953 1704 3256 1779 Verum

928 1810 1074 1906 Ut
1094 1801 1492 1948 firiptor
1500 1805 1614 1945 st
1642 1835 1960 1950 peccat
2006 1811 2255 1913 idem
2298 1803 2738 1914 librarius
2794 1847 3119 1961 usque,

933 1955 1431 2104 Qamvis
1466 1959 1574 2098 est
1613 1966 2019 2067 monitus
2043 2043 2068 2081 ,
2115 1966 2400 2068 venia
2446 1987 2690 2068 caret
2712 2006 2739 2064 .-

689 2110 804 2192 't‘ta
834 2109 952 2190 bis
986 2139 1133 2219 quae
1168 2132 1324 2190 tam
1353 2111 1561 2215 craffl·
1594 2118 2028 2221 erratastmt
2042 2170 2067 2208 ,
2087 2122 2398 2198 LedJorz‘s
2427 2116 2780 2221 indtstriae
2825 2113 3098 2197 obelum
3098 2119 3313 2228 figet.

2970 3809 3359 4006 Dodf'ff.
3369 3913 3374 3916 >
