3557 5113
286 248 518 415 De
554 189 1001 454 [ffit.
1052 245 1770 421 omnm,
1825 240 2117 499 Lib.
2150 245 2368 511 X,
2598 234 2826 412 323.

205 573 337 657 lata
377 600 543 658 erat
593 607 612 655 ε
684 580 766 660 ὅ(
801 598 1091 686 quartae
1127 631 1152 669 ,
1220 574 1277 657 fi
1343 579 1734 684 geminata
1780 586 2113 688 captatio
2159 582 2269 663 est
2297 641 2319 674 ‚
2386 592 2895 679 utcip,X11{.''

204 688 310 769 bis
349 717 617 772 cavere
643 745 667 772 ‚
732 690 847 771 bis
905 713 1249 796 repetere
1299 695 1753 797 oportuerit.
1887 700 2080 795 Qiae
2132 702 2331 775 ratio
2391 705 2473 779 δὲ

125 856 128 863 »
211 801 380 882 ultra
420 801 653 883 ducit.
764 801 911 882 Sed
950 802 1083 883 illa
1124 804 1355 883 etiam
1403 828 1635 912 quam
1678 804 1905 909 supra
1945 808 2265 892 ostendi,
2290 806 2468 890 fim-

199 913 463 1019 plicem
504 942 602 995 ex
648 912 1031 995 affectibus
1089 938 1320 1022 atque
1372 943 1467 995 ex
1520 914 2039 999 affirmatione
2083 921 2239 1001 sola
2281 949 2467 1026 pro-

201 1024 568 1105 bationem
618 1029 887 1131 recipit
936 1028 1294 1106 refutatio
1329 1058 1351 1120 3
1426 1026 1670 1135 qualis
1715 1028 1988 1135 estnifla
2034 1036 2330 1122 Scauri,
2368 1032 2469 1112 de

207 1163 330 1244 qua
375 1135 594 1246 supra
655 1136 871 1218 dixi:
964 1143 1155 1249 quin
1211 1138 1471 1218 nescio
1521 1166 1619 1219 an
1670 1144 1912 1220 etiam
1957 1145 2462 1254 frequentior,

205 1250 314 1328 ubi
360 1250 550 1358 quid
590 1272 936 1357 negatur.
1029 1249 1481 1331 Videndum
1518 1253 1902 1357 praecipue
1954 1261 2258 1365 utrique
2303 1284 2473 1362 par·

198 1365 251 1439 ti
288 1419 308 1446 ‚
380 1363 509 1442 ubi
560 1360 652 1443 fit
703 1366 812 1441 rei
862 1360 1186 1442 summa.
1295 1367 1503 1443 Nam
1538 1363 1700 1444 fere
1734 1364 2011 1446 accidit
2052 1392 2136 1448 ut
2176 1372 2256 1448 in
2291 1393 2469 1449 cau-

198 1471 278 1553 sis
308 1475 551 1554 multa
605 1471 1004 1565 dicantur,
1060 1472 1158 1555 de
1197 1479 1453 1580 paucis
1495 1474 1897 1578 judicetur.
2016 1482 2100 1559 ln
2135 1480 2253 1561 his
2286 1508 2468 1587 pro-

195 1584 405 1667 bandi
458 1584 997 1695 refutandique
1046 1590 1247 1667 ratio
1292 1586 1402 1667 est
1441 1644 1462 1670 ‚
1518 1585 1644 1667 sed
1698 1588 2125 1691 adjuvanda
2185 1592 2470 1673 viribus

201 1696 497 1779 dicentis
529 1756 551 1784 ,
618 1703 697 1779 δ(
741 1696 1201 1778 adornanda.
1286 1699 1733 1798 Qamlibet
1775 1704 1987 1781 enim
2029 1701 2176 1784 fint
2225 1702 2322 1784 ad
2360 1701 2468 1782 di·

203 1810 508 1889 cendum
559 1809 772 1918 quod
817 1810 1175 1892 volumus
1208 1810 1795 1892 accommodata
1835 1870 1856 1903 ‚
1924 1836 2187 1895 tamen
2239 1836 2467 1897 erunt

190 1922 479 2002 infirma
507 1981 531 2008 ‚
590 1922 728 2003 nisi
781 1927 1076 2025 majore
1131 1921 1475 2033 quodam
1524 1928 1853 2005 oratoris
1888 1924 2152 2031 spiritu
2188 1926 2468 2036 imple-

175 2058 413 2116 antur.
527 2040 785 2141 Qare
829 2040 909 2117 ὃ(
955 2036 1070 2116 illi
1129 2064 1587 2117 communes
1632 2037 1788 2117 loci
1852 2035 1948 2119 de
1992 2038 2322 2125 testibus,
2364 2037 2463 2118 de
2523 2072 2535 2082 ·

185 2146 441 2230 tabulis
473 2205 498 2240 ‚
563 2149 662 2229 de
718 2152 1236 2254 argumentis,
1302 2147 1612 2265 aliisque
1643 2146 2060 2261 fimfflbus,
2097 2138 2465 2258 magnam

187 2263 332 2338 vim
384 2264 662 2341 animis
694 2260 1036 2361 judicum
1080 2257 1461 2358 afferunt5
1529 2266 1606 2342 δ(
1663 2261 1747 2341 hi
1791 2267 2141 2368 proprii,
2191 2265 2467 2371 quibus

190 2370 456 2452 fastum
500 2372 872 2483 quodque
918 2370 1317 2460 laudamus
1357 2430 1383 2466 ,
1445 2395 1575 2453 aut
1628 2386 1942 2464 contra,
1994 2374 2278 2471 justum
2343 2372 2469 2456 vel

191 2478 534 2586 injustum
596 2485 1024 2592 docemus,
1088 2487 1335 2586 majus
1404 2508 1532 2570 aut
1578 2488 1886 2588 minus,
1954 2484 2283 2593 asperius
2338 2505 2467 2572 aut

191 2600 448 2679 mitius.
567 2603 682 2678 Ex
728 2598 844 2678 his
906 2619 1163 2677 autem
1209 2599 1339 2677 alii
1387 2597 1484 2679 ad
1533 2599 2083 2706 probationem
2137 2597 2467 2710 fingulo·

194 2736 346 2790 rum
391 2733 1038 2816 argumentorum
1088 2709 1377 2789 faciunt
1425 2766 1448 2800 ,
1533 2712 1660 2792 alii
1717 2709 1818 2790 ad
1867 2709 2209 2817 piurium
2248 2768 2270 2794 ‚
2340 2710 2469 2790 alii

190 2819 277 2900 ad
327 2827 555 2903 totius
615 2821 845 2902 causae
896 2820 1503 2901 inclinationem.
1619 2828 1732 2902 Ex
1794 2822 2069 2931 quibus
2121 2822 2289 2902 sunt
2332 2825 2467 2931 qui

188 2958 597 3041 pra-parent
642 2937 991 3038 animum
1027 2931 1293 3034 judicis
1320 2933 1568 3036 ‚nsunt
1610 2938 1744 3044 qui
1780 2931 2270 3016 confirment.
2320 2932 2469 3013 Sed

183 3052 629 3151 praeparatio
663 3073 976 3155 quoque
1011 3068 1140 3124 aut
1179 3044 1676 3125 confirmatio
1700 3101 1723 3137 ,
1773 3045 2189 3154 aliquando
2230 3047 2467 3128 totius

193 3158 414 3239 causae
464 3161 562 3239 est
625 3216 647 3243 ,
705 3157 1117 3266 aliquando
1169 3160 1509 3263 partium
1551 3211 1574 3247 ,
1650 3163 1728 3237 &
1777 3155 2107 3263 proinde
2178 3178 2262 3235 ut
2313 3160 2467 3236 cui·
2580 3199 2589 3208 s

195 3293 336 3376 que
391 3273 900 3362 conveniunt,
955 3267 1434 3371 subjicienda.
1551 3264 1889 3376 Ideoque
1958 3279 2207 3347 miror
2261 3271 2465 3347 inter

185 3381 364 3463 duos
413 3382 891 3466 diversarum
944 3379 1316 3461 sectarum
1385 3378 1600 3462 velut
1631 3385 1642 3400 “
1669 3377 1901 3461 duces
1958 3407 2117 3459 non
2148 3375 2461 3464 medio-

190 3498 296 3572 (ιι-ἰ
341 3499 841 3576 contentione
895 3492 1295 3601 quaesitum
1361 3547 1387 3583 ,
1450 3489 1858 3597 singulisne
1920 3489 2458 3600 quaestionibus

193 3603 611 3703 subjiciendi
651 3607 885 3686 effent
927 3607 1110 3695 loci,
1155 3628 1242 3686 ut
1275 3602 1704 3685 Theodoro
1752 3605 2003 3711 placet
2039 3637 2061 3699 3
2124 3632 2221 3684 an
2249 3608 2462 3711 prius

193 3715 562 3800 docendus
637 3717 868 3821 judex
922 3744 1160 3825 quam
1219 3714 1654 3798 movendus
1694 3771 1717 3807 ,
1805 3737 1889 3794 ut
1952 3719 2309 3822 praecipit.
2350 3722 2459 3797 A-

174 3829 628 3937 pollodorus
690 3862 708 3910 t
781 3854 1148 3937 tanquam
1193 3832 1509 3937 perierit
1560 3829 1724 3909 haee
1774 3832 1975 3934 ratio
2024 3826 2279 3908 media
2314 3881 2337 3917 ‚
2382 3830 2461 3938 δζ

169 3942 355 4023 nihil
392 3972 588 4024 cum
615 3941 841 4049 ipfius
886 3941 1114 4023 caulae
1137 3943 1463 4022 utilitate
1485 3937 1577 4020 fit
1615 3938 2221 4022 deliberandum.
2275 3943 2463 4020 Haec

157 4061 625 4165 praecipiunt
671 4058 802 4167 qui
846 4050 986 4166 ipfi
1035 4081 1199 4135 non
1258 4052 1526 4150 dicunt
1581 4056 1668 4140 *in
1716 4053 1894 4132 foro
1944 4079 1962 4128 ε
2029 4073 2106 4132 at
2166 4054 2362 4241 ³191OE
2412 4065 2463 4128 ‘a

301 4183 310 4194 ·
1387 4168 1434 4242 S
1460 4188 1492 4242 s
1546 4188 1584 4241 2
2227 4163 2472 4240 ecuris
