3557 5113
700 267 944 411 476
1269 274 1415 389 M.
1538 279 1910 409 Fami
2043 273 3133 419 (ζιιιΝεῑἸἹιιΑΝιΙ

637 579 825 660 ΟΜ».
860 577 990 660 IV.
1056 584 1170 686 jus
1216 581 1297 663 id
1333 580 1554 695 quod
1597 611 1639 663 a
1673 582 1895 663 nobis
1929 576 2545 687 exaggerandum
2587 578 2700 661 est
2724 613 2749 656 .-
2816 600 2906 658 ut
2945 574 3155 658 idem
3188 602 3326 683 pro

1059 693 1418 776 Cluentio
1455 750 1479 784 ,
1531 722 1713 773 cum
1765 691 2222 799 exposuisset
2278 689 2653 773 Milesiam
2703 687 3090 797 quandam
3140 716 3183 767 a
3227 688 3317 767 sc·

1060 804 1328 888 cundis
1398 804 1814 885 haeredibus
1885 831 2030 909 pro
2102 805 2376 884 abortu
2456 806 2870 907 pecuniam
2952 799 3323 905 accepisse;

1060 925 1359 1021 Qanto
1404 919 1496 1021 cst
1519 973 1539 999 ‚
1598 918 1850 1020 inquit
1887 973 1909 1000 ‚
1967 923 2383 1025 Oppianicus·
2432 921 2514 992 in
2566 914 2806 994 eadem
2856 920 3133 1019 injuria
3190 937 3319 989 ma·

1046 1040 1205 1135 jore
1237 1030 1573 1138 stipplicio
1630 1028 1889 1136 dignus
1944 1035 1982 1106 ?
2082 1024 2444 1135 Siquidem
2530 1028 2655 1105 ida
2723 1053 2881 1104 cum
2909 1025 3049 1129 suo
3088 1027 3322 1131 corpori

1063 1146 1220 1219 vim
1261 1138 1595 1244 attulzffioe
1629 1195 1651 1222 ‚
1692 1139 1778 1244 se
1804 1140 1958 1249 ipsi·
2004 1145 2357 1217 cruciavit
2407 1171 2435 1214 .·
2497 1135 2617 1216 hic
2660 1160 2899 1216 autem
2945 1134 3139 1214 idem
3172 1128 3328 1212 iad

1064 1249 1290 1357 afficit
1324 1274 1461 1359 per
1508 1252 1737 1330 alieni
1801 1255 2104 1361 corporis
2153 1256 2309 1327 vim
2383 1272 2601 1357 atque
2663 1254 3081 1328 cruciatum.
3181 1250 3324 1323 Nec

1068 1380 1290 1465 putet
1324 1359 1731 1468 quisquam
1773 1360 1925 1439 hoc
1981 1383 2424 1466 quanquam
2462 1360 2576 1438 est
2635 1356 2931 1447 limile,
2954 1356 3077 1435 illi
3105 1382 3197 1434 ex
3224 1382 3322 1432 ar·

1069 1475 1458 1577 gumentis
1514 1471 1688 1550 loco
1724 1526 1748 1562 ‚
1805 1496 1966 1576 quo
2020 1472 2311 1567 majora
2362 1496 2459 1547 ex
2501 1469 2929 1548 minoribus
2975 1466 3318 1573 colligun-

1074 1605 1248 1674 tur,
1296 1581 1508 1663 idem
1543 1581 1706 1660 effe.
1798 1582 1961 1659 Illic
1999 1583 2214 1659 enim
2249 1580 2616 1685 probatio
2649 1584 2941 1685 petitur
2963 1633 2988 1670 ‚
3029 1578 3155 1657 hic
3191 1603 3322 1657 am-

1073 1692 1447 1800 plificatio
1493 1718 1514 1766 t
1576 1688 1764 1771 ficut
1808 1695 1890 1771 in
1924 1693 2360 1797 Oppianico
2415 1719 2580 1771 non
2636 1688 2722 1771 id
2794 1694 3044 1797 agitur
3093 1693 3169 1768 in
3212 1687 3333 1767 illa

1078 1791 1656 1910 comparatione
1689 1855 1714 1892 ,
1780 1824 1865 1883 ut
1940 1802 2069 1881 ille
2116 1800 2320 1881 male
2377 1801 2646 1883 fecerit
2677 1858 2700 1887 ‚
2773 1801 2908 1882 scd
2982 1823 3064 1881 ut
3112 1803 3323 1904 pejus.

1077 1914 1201 1993 Est
1273 1935 1535 1993 tamen
1599 1912 2049 2021 quanquam
2120 1909 2595 1993 diversarum
2682 1939 2949 1994 terum
3001 1907 3318 2019 qua-dam

1075 2026 1374 2104 vicinia.
1463 2029 1848 2129 Repetam
1893 2026 2123 2129 igitur
2162 2024 2290 2101 hic
2332 2050 2647 2131 quoque
2708 2021 2921 2104 idem
2987 2048 3141 2129 quo
3183 2018 3327 2097 smn

1079 2133 1239 2213 illic
1294 2133 1465 2215 usus
1543 2134 1996 2241 exemplum
2059 2190 2086 2226 ,
2157 2132 2287 2213 sed
2344 2161 2507 2215 non
2580 2139 2663 2215 in
2726 2132 3065 2215 eundem
3117 2129 3332 2214 usum.

1075 2251 1285 2325 Nam
1339 2246 1492 2325 hoc
1552 2244 1749 2324 mihi
1815 2241 2381 2326 ostendendum
2434 2245 2544 2326 est
2600 2302 2623 2331 ‚
2709 2243 3043 2353 augendi
3120 2252 3338 2351 gratia

1082 2383 1246 2436 non
1307 2377 1473 2437 tota
1547 2353 1795 2436 modo
1861 2359 2045 2436 totis
2098 2412 2121 2440 ‚
2215 2355 2346 2436 sed
2405 2361 2645 2441 etiam
2713 2379 2966 2463 partes
3028 2354 3339 2463 partibus

1079 2471 1512 2574 comparari
1556 2497 1574 2546 z
1630 2463 1820 2547 ficut
1877 2467 2030 2546 hoc
2086 2466 2272 2547 loco
2325 2497 2347 2563 3
2425 2482 2601 2554 tAn
2643 2497 2809 2549 ‘vero
2866 2475 2991 2549 vir
3042 2465 3339 2580 anipliffi·

1078 2608 1236 2686 mus
1276 2595 1354 2658 P.
1393 2587 1616 2690 Scipio
1663 2584 1992 2690 pontfix
2030 2583 2391 2658 miximus
2430 2580 2579 2661 Tib.
2628 2578 3017 2662 Gracchum
3062 2638 3087 2667 ‚
3145 2577 3341 2659 mdi-

1082 2697 1336 2770 ocriter
1373 2688 1909 2795 labefhdi'antem
1928 2692 2206 2795 statum
2255 2690 2643 2800 reipublice
2658 2748 2680 2776 ‚
2696 2699 3049 2803 privatus
3089 2689 3351 2795 interfi-

1084 2808 1187 2880 cit
1233 2836 1256 2877 .·
1324 2804 1715 2880 Catilinam
1759 2799 1992 2880 orbem
2030 2825 2385 2882 terrarum
2424 2804 2593 2885 cade
2627 2825 2842 2914 atque
2878 2805 3205 2883 incendio
3236 2826 3343 2879 n·

1052 2912 1260 3016 stare
1313 2919 1700 3023 cupientem
1717 2968 1739 2995 ‚
1793 2943 1920 2991 nos
1965 2914 2269 3019 cotfitles
2308 2917 2740 3023 perstrenuus
2787 2922 2827 2993 ,Ρ
2890 2917 3051 2995 Hic
3102 2919 3184 2996 δι
3227 2918 3349 2992 Ca·

1089 3021 1308 3103 tilina
1349 3023 1703 3103 Graccho
1734 3078 1758 3112 ‚
1822 3029 1903 3104 &
1939 3021 2170 3104 status
2226 3026 2662 3130 reipublicae
2716 3026 2892 3107 orbi
2964 3047 3347 3112 terrarum,

1091 3139 1171 3215 &
1229 3132 1639 3213 mediocris
1697 3133 2176 3215 labefactatio
2233 3136 2421 3216 caedi
2475 3142 2555 3220 &
2621 3134 2995 3218 incendiis
3033 3134 3345 3219 &vasta-

1075 3247 1291 3346 ¹tioni
1341 3299 1365 3333 ,
1449 3250 1527 3326 ὅ(
1589 3248 1929 3350 privatus
1982 3245 2414 3328 consulibus
2469 3271 3013 3357 comparatur:
3082 3275 3249 3356 quae
3309 3240 3359 3325 fi

1086 3358 1251 3543 quis
1279 3352 1597 3434 dilatare
1638 3354 1830 3437 velit
1852 3413 1875 3441 ‚
1901 3356 2172 3462 plenos
2204 3356 2496 3463 fingula
2534 3360 2750 3440 locos
2793 3359 3107 3439 habent.
3173 3364 3358 3450 Quas

1148 3467 1254 3541 ixi
1327 3491 1468 3571 per
1518 3470 2193 3548 ratiocinationem
2256 3467 2425 3549 fieri
2486 3471 3133 3577 amplificationes
3175 3528 3199 3562 ‚
3270 3471 3363 3551 vi·

1088 3573 1407 3655 deamus
1451 3603 1548 3656 an
1586 3575 1756 3657 fitis
1792 3584 2116 3684 proprio
2156 3580 2399 3662 verbo
2450 3580 2930 3689 fignaverim.
2990 3587 3175 3664 Nec
3219 3579 3363 3661 (iim

1097 3687 1180 3762 in
1230 3684 1386 3764 hoc
1444 3685 1770 3767 solicitus
1805 3744 1832 3778 ‚
1901 3688 2092 3769 dum
2177 3717 2295 3770 res
2353 3691 2511 3797 ipsa
2577 3693 3014 3775 volentibus
3092 3691 3368 3774 discen

1089 3818 1470 3898 appareat.
1584 3802 1761 3877 Hoc
1811 3796 1979 3878 sum
2039 3824 2301 3882 tamen
2354 3803 2646 3885 secutus
2668 3859 2691 3895 ,
2729 3804 2946 3913 quod
2995 3804 3171 3885 haec
3222 3828 3371 3884 am-

1093 3903 1465 4013 plificatio
1504 3907 1682 3986 alibi
1748 3907 1991 4014 posita
2041 3913 2165 4017 est„
2191 3967 2216 4003 ,
2305 3914 2490 3994 alibi
2538 3916 2742 3998 valet
2794 3949 2814 3996 ε
2891 3923 2971 3999 δι
3021 3938 3119 3998 ut
3179 3911 3376 3995 aliud

1086 4014 1417 4131 ,ἐτείους
1439 4015 1651 4128 aliud
1699 4023 2086 4135 lauaem}
2136 4022 2320 4134 mdc.
2371 4024 2471 4135 35¹
2514 4026 2598 4141 {d
2648 4027 2866 4138 quod
2919 4026 3195 4118 extoffi
3242 4050 3371 4105 '⁰-

3093 4141 3363 4227 lumin.
