<?xml version="1.0" encoding="UTF-8"?>
<!DOCTYPE html PUBLIC "-//W3C//DTD XHTML 1.0 Transitional//EN"
    "http://www.w3.org/TR/xhtml1/DTD/xhtml1-transitional.dtd">
<html xmlns="http://www.w3.org/1999/xhtml" xml:lang="en" lang="en">
 <head>
  <title>
</title>
<meta http-equiv="Content-Type" content="text/html;charset=utf-8" />
  <meta name='ocr-system' content='tesseract 3.04.00' />
  <meta name='ocr-capabilities' content='ocr_page ocr_carea ocr_par ocr_line ocrx_word'/>
</head>
<body>
  <div class='ocr_page' id='page_1' title='image "./deinstitutioneo00obregoog_0721.png"; bbox 0 0 3557 5113; ppageno 0'>
   <div class='ocr_carea' id='block_1_1' title="bbox 225 223 2756 454">
    <p class='ocr_par' dir='ltr' id='par_1_1' title="bbox 225 223 2756 454">
     <span class='ocr_line' id='line_1_1' title="bbox 225 223 2756 454; baseline -0.008 -34"><span class='ocrx_word' id='word_1_1' title='bbox 225 254 452 420; x_wconf 82' lang='lat' dir='ltr'>De</span> <span class='ocrx_word' id='word_1_2' title='bbox 481 246 920 454; x_wconf 76' lang='lat' dir='ltr'>Insz’it.</span> <span class='ocrx_word' id='word_1_3' title='bbox 980 251 1688 424; x_wconf 70' lang='lat' dir='ltr'>Oratoria,</span> <span class='ocrx_word' id='word_1_4' title='bbox 1721 241 2020 405; x_wconf 76' lang='lat' dir='ltr'>Lib.</span> <span class='ocrx_word' id='word_1_5' title='bbox 2056 247 2299 404; x_wconf 87' lang='lat' dir='ltr'>IX.</span> <span class='ocrx_word' id='word_1_6' title='bbox 2531 223 2756 401; x_wconf 77' lang='lat'>579</span> 
     </span>
    </p>
   </div>
   <div class='ocr_carea' id='block_1_2' title="bbox 155 545 2857 4143">
    <p class='ocr_par' dir='ltr' id='par_1_2' title="bbox 155 545 2857 4143">
     <span class='ocr_line' id='line_1_2' title="bbox 163 545 2857 683; baseline 0.001 -34"><span class='ocrx_word' id='word_1_7' title='bbox 163 545 323 675; x_wconf 69' lang='lat' dir='ltr'>bfi&#39;e</span> <span class='ocrx_word' id='word_1_8' title='bbox 361 564 510 648; x_wconf 83' lang='lat' dir='ltr'>dies</span> <span class='ocrx_word' id='word_1_9' title='bbox 521 565 919 673; x_wconf 75' lang='lat' dir='ltr'>strmnem</span> <span class='ocrx_word' id='word_1_10' title='bbox 952 569 1165 680; x_wconf 56' lang='lat' dir='ltr'>vulgi</span> <span class='ocrx_word' id='word_1_11' title='bbox 1197 624 1220 653; x_wconf 86' lang='lat'><strong>.</strong></span> <span class='ocrx_word' id='word_1_12' title='bbox 1275 592 1490 680; x_wconf 74' lang='lat' dir='ltr'><em>atque</em></span> <span class='ocrx_word' id='word_1_13' title='bbox 1519 561 1704 649; x_wconf 75' lang='lat' dir='ltr'>banc</span> <span class='ocrx_word' id='word_1_14' title='bbox 1737 577 2130 681; x_wconf 83' lang='lat' dir='ltr'><em>opinionem</em></span> <span class='ocrx_word' id='word_1_15' title='bbox 2165 571 2420 683; x_wconf 83' lang='lat' dir='ltr'>populi</span> <span class='ocrx_word' id='word_1_16' title='bbox 2437 586 2626 668; x_wconf 63' lang='lat' dir='ltr'>Cn».</span> <span class='ocrx_word' id='word_1_17' title='bbox 2672 587 2803 669; x_wconf 78' lang='lat' dir='ltr'>lv,</span> <span class='ocrx_word' id='word_1_18' title='bbox 2850 587 2857 592; x_wconf 83' lang='lat'>&#39;</span> 
     </span>
     <span class='ocr_line' id='line_1_3' title="bbox 166 676 2421 791; baseline 0.001 -30"><span class='ocrx_word' id='word_1_19' title='bbox 166 688 430 761; x_wconf 75' lang='lat' dir='ltr'>Romani</span> <span class='ocrx_word' id='word_1_20' title='bbox 442 676 676 786; x_wconf 66' lang='lat' dir='ltr'><em>fitiffiv.</em></span> <span class='ocrx_word' id='word_1_21' title='bbox 715 685 872 759; x_wconf 88' lang='lat' dir='ltr'>Cur</span> <span class='ocrx_word' id='word_1_22' title='bbox 905 677 1095 787; x_wconf 63' lang='grc' dir='ltr'>ἧψε</span> <span class='ocrx_word' id='word_1_23' title='bbox 1131 685 1388 788; x_wconf 87' lang='lat' dir='ltr'>potius</span> <span class='ocrx_word' id='word_1_24' title='bbox 1418 707 1654 789; x_wconf 88' lang='lat' dir='ltr'>quam</span> <span class='ocrx_word' id='word_1_25' title='bbox 1677 680 1808 762; x_wconf 85' lang='lat' dir='ltr'>hos</span> <span class='ocrx_word' id='word_1_26' title='bbox 1837 692 1875 762; x_wconf 86' lang='lat'><em>?</em></span> <span class='ocrx_word' id='word_1_27' title='bbox 1907 689 2183 791; x_wconf 84' lang='lat' dir='ltr'>Neque</span> <span class='ocrx_word' id='word_1_28' title='bbox 2207 687 2421 764; x_wconf 88' lang='lat' dir='ltr'>enim</span> 
     </span>
     <span class='ocr_line' id='line_1_4' title="bbox 164 790 2421 897; baseline 0 -24"><span class='ocrx_word' id='word_1_29' title='bbox 164 815 304 873; x_wconf 87' lang='lat' dir='ltr'>erat</span> <span class='ocrx_word' id='word_1_30' title='bbox 332 790 696 897; x_wconf 80' lang='lat' dir='ltr'>asperum.</span> <span class='ocrx_word' id='word_1_31' title='bbox 763 794 1186 872; x_wconf 83' lang='lat' dir='ltr'>Rationem</span> <span class='ocrx_word' id='word_1_32' title='bbox 1230 791 1530 873; x_wconf 83' lang='lat' dir='ltr'>fortasse</span> <span class='ocrx_word' id='word_1_33' title='bbox 1563 819 1726 873; x_wconf 90' lang='lat' dir='ltr'>non</span> <span class='ocrx_word' id='word_1_34' title='bbox 1762 792 2085 874; x_wconf 88' lang='lat' dir='ltr'>reddam</span> <span class='ocrx_word' id='word_1_35' title='bbox 2110 849 2134 886; x_wconf 86' lang='lat'>‚</span> <span class='ocrx_word' id='word_1_36' title='bbox 2194 794 2421 875; x_wconf 75' lang='lat' dir='ltr'>[enti-</span> 
     </span>
     <span class='ocr_line' id='line_1_5' title="bbox 167 901 2420 1017; baseline 0.002 -34"><span class='ocrx_word' id='word_1_37' title='bbox 167 930 276 983; x_wconf 79' lang='lat' dir='ltr'>am</span> <span class='ocrx_word' id='word_1_38' title='bbox 315 901 455 982; x_wconf 82' lang='lat' dir='ltr'>esse</span> <span class='ocrx_word' id='word_1_39' title='bbox 500 902 795 982; x_wconf 78' lang='lat' dir='ltr'>melius,</span> <span class='ocrx_word' id='word_1_40' title='bbox 911 908 1075 982; x_wconf 88' lang='lat' dir='ltr'>Cur</span> <span class='ocrx_word' id='word_1_41' title='bbox 1109 930 1273 983; x_wconf 91' lang='lat' dir='ltr'>non</span> <span class='ocrx_word' id='word_1_42' title='bbox 1314 903 1485 984; x_wconf 69' lang='lat' dir='ltr'>fitis</span> <span class='ocrx_word' id='word_1_43' title='bbox 1542 902 1634 983; x_wconf 85' lang='lat' dir='ltr'>fit</span> <span class='ocrx_word' id='word_1_44' title='bbox 1675 961 1700 990; x_wconf 85' lang='lat'>‚</span> <span class='ocrx_word' id='word_1_45' title='bbox 1748 906 2147 1013; x_wconf 80' lang='lat' dir='ltr'>sermonem</span> <span class='ocrx_word' id='word_1_46' title='bbox 2209 911 2420 1017; x_wconf 65' lang='lat' dir='ltr'>vulgi</span> 
     </span>
     <span class='ocr_line' id='line_1_6' title="bbox 163 1007 2425 1124; baseline 0.003 -32"><span class='ocrx_word' id='word_1_47' title='bbox 163 1011 381 1120; x_wconf 53' lang='lat' dir='ltr'>stiffi?</span> <span class='ocrx_word' id='word_1_48' title='bbox 407 1012 897 1119; x_wconf 84' lang='lat' dir='ltr'>Compofitio</span> <span class='ocrx_word' id='word_1_49' title='bbox 936 1009 1149 1094; x_wconf 82' lang='lat' dir='ltr'>enim</span> <span class='ocrx_word' id='word_1_50' title='bbox 1199 1007 1645 1122; x_wconf 61' lang='lat' dir='ltr'>patiebaiur.</span> <span class='ocrx_word' id='word_1_51' title='bbox 1728 1018 2184 1124; x_wconf 79' lang='lat' dir='ltr'>Ignorabam</span> <span class='ocrx_word' id='word_1_52' title='bbox 2225 1073 2249 1108; x_wconf 90' lang='lat'>‚</span> <span class='ocrx_word' id='word_1_53' title='bbox 2294 1017 2425 1099; x_wconf 89' lang='lat' dir='ltr'>sed</span> 
     </span>
     <span class='ocr_line' id='line_1_7' title="bbox 164 1123 2424 1233; baseline 0.002 -28"><span class='ocrx_word' id='word_1_54' title='bbox 164 1129 251 1205; x_wconf 80' lang='lat' dir='ltr'>ita</span> <span class='ocrx_word' id='word_1_55' title='bbox 285 1148 363 1205; x_wconf 83' lang='lat' dir='ltr'>ut</span> <span class='ocrx_word' id='word_1_56' title='bbox 397 1123 688 1216; x_wconf 86' lang='lat' dir='ltr'>audio‚·</span> <span class='ocrx_word' id='word_1_57' title='bbox 723 1125 875 1205; x_wconf 88' lang='lat' dir='ltr'>hoe</span> <span class='ocrx_word' id='word_1_58' title='bbox 938 1129 1240 1205; x_wconf 88' lang='lat' dir='ltr'>animus</span> <span class='ocrx_word' id='word_1_59' title='bbox 1285 1128 1562 1231; x_wconf 85' lang='lat' dir='ltr'>accipit</span> <span class='ocrx_word' id='word_1_60' title='bbox 1597 1183 1619 1210; x_wconf 86' lang='lat'>‚</span> <span class='ocrx_word' id='word_1_61' title='bbox 1688 1127 2009 1233; x_wconf 88' lang='lat' dir='ltr'>plenum</span> <span class='ocrx_word' id='word_1_62' title='bbox 2054 1127 2211 1209; x_wconf 82' lang='lat' dir='ltr'>fine</span> <span class='ocrx_word' id='word_1_63' title='bbox 2279 1131 2424 1211; x_wconf 85' lang='lat' dir='ltr'>hac</span> 
     </span>
     <span class='ocr_line' id='line_1_8' title="bbox 164 1234 2423 1344; baseline 0.002 -28"><span class='ocrx_word' id='word_1_64' title='bbox 164 1241 654 1344; x_wconf 77' lang='lat' dir='ltr'>geminatione</span> <span class='ocrx_word' id='word_1_65' title='bbox 692 1264 857 1317; x_wconf 89' lang='lat' dir='ltr'>non</span> <span class='ocrx_word' id='word_1_66' title='bbox 918 1235 1085 1315; x_wconf 79' lang='lat' dir='ltr'>effe.</span> <span class='ocrx_word' id='word_1_67' title='bbox 1188 1234 1319 1316; x_wconf 88' lang='lat' dir='ltr'>Ad</span> <span class='ocrx_word' id='word_1_68' title='bbox 1376 1236 1674 1316; x_wconf 74' lang='lat' dir='ltr'>sensum</span> <span class='ocrx_word' id='word_1_69' title='bbox 1745 1240 1982 1344; x_wconf 84' lang='lat' dir='ltr'>igitur</span> <span class='ocrx_word' id='word_1_70' title='bbox 2021 1240 2423 1321; x_wconf 87' lang='lat' dir='ltr'>referenda</span> 
     </span>
     <span class='ocr_line' id='line_1_9' title="bbox 168 1346 2423 1458; baseline 0.001 -28"><span class='ocrx_word' id='word_1_71' title='bbox 168 1349 330 1430; x_wconf 88' lang='lat' dir='ltr'>sunt.</span> <span class='ocrx_word' id='word_1_72' title='bbox 414 1355 776 1457; x_wconf 81' lang='lat' dir='ltr'>Nequeat</span> <span class='ocrx_word' id='word_1_73' title='bbox 803 1350 974 1457; x_wconf 80' lang='lat' dir='ltr'>quis</span> <span class='ocrx_word' id='word_1_74' title='bbox 1008 1346 1179 1427; x_wconf 83' lang='lat' dir='ltr'>satis</span> <span class='ocrx_word' id='word_1_75' title='bbox 1203 1347 1407 1429; x_wconf 87' lang='lat' dir='ltr'>forte</span> <span class='ocrx_word' id='word_1_76' title='bbox 1438 1348 1625 1456; x_wconf 87' lang='lat' dir='ltr'>quid</span> <span class='ocrx_word' id='word_1_77' title='bbox 1647 1348 1996 1434; x_wconf 70' lang='lat' dir='ltr'>severum</span> <span class='ocrx_word' id='word_1_78' title='bbox 2016 1407 2040 1434; x_wconf 87' lang='lat'><em>,</em></span> <span class='ocrx_word' id='word_1_79' title='bbox 2077 1352 2270 1458; x_wconf 87' lang='lat' dir='ltr'>quid</span> <span class='ocrx_word' id='word_1_80' title='bbox 2308 1356 2423 1453; x_wconf 88' lang='lat' dir='ltr'>ju·-</span> 
     </span>
     <span class='ocr_line' id='line_1_10' title="bbox 165 1458 2424 1568; baseline 0.001 -28"><span class='ocrx_word' id='word_1_81' title='bbox 165 1459 471 1541; x_wconf 87' lang='lat' dir='ltr'>cundum</span> <span class='ocrx_word' id='word_1_82' title='bbox 494 1458 588 1539; x_wconf 83' lang='lat' dir='ltr'>fit</span> <span class='ocrx_word' id='word_1_83' title='bbox 632 1516 656 1550; x_wconf 88' lang='lat'><strong>,</strong></span> <span class='ocrx_word' id='word_1_84' title='bbox 725 1458 1158 1565; x_wconf 86' lang='lat' dir='ltr'>intelligere</span> <span class='ocrx_word' id='word_1_85' title='bbox 1196 1493 1224 1549; x_wconf 73' lang='grc' dir='ltr'><strong><em>ς</em></strong></span> <span class='ocrx_word' id='word_1_86' title='bbox 1264 1460 1490 1539; x_wconf 86' lang='lat' dir='ltr'>faciat</span> <span class='ocrx_word' id='word_1_87' title='bbox 1546 1458 1866 1568; x_wconf 89' lang='lat' dir='ltr'>quidem</span> <span class='ocrx_word' id='word_1_88' title='bbox 1921 1484 2195 1542; x_wconf 85' lang='lat' dir='ltr'>natura</span> <span class='ocrx_word' id='word_1_89' title='bbox 2226 1462 2424 1544; x_wconf 86' lang='lat' dir='ltr'>duce</span> 
     </span>
     <span class='ocr_line' id='line_1_11' title="bbox 167 1569 2509 1682; baseline 0.001 -30"><span class='ocrx_word' id='word_1_90' title='bbox 167 1573 407 1653; x_wconf 87' lang='lat' dir='ltr'>melius</span> <span class='ocrx_word' id='word_1_91' title='bbox 446 1599 686 1682; x_wconf 88' lang='lat' dir='ltr'>quam</span> <span class='ocrx_word' id='word_1_92' title='bbox 721 1595 885 1653; x_wconf 89' lang='lat' dir='ltr'>arte</span> <span class='ocrx_word' id='word_1_93' title='bbox 918 1602 972 1676; x_wconf 23' lang='grc' dir='ltr'>τ,</span> <span class='ocrx_word' id='word_1_94' title='bbox 1009 1569 1138 1652; x_wconf 89' lang='lat' dir='ltr'>sed</span> <span class='ocrx_word' id='word_1_95' title='bbox 1177 1594 1466 1652; x_wconf 83' lang='lat' dir='ltr'>naturae</span> <span class='ocrx_word' id='word_1_96' title='bbox 1504 1571 1643 1678; x_wconf 88' lang='lat' dir='ltr'>ipsi</span> <span class='ocrx_word' id='word_1_97' title='bbox 1684 1599 1803 1652; x_wconf 81' lang='lat' dir='ltr'>ars</span> <span class='ocrx_word' id='word_1_98' title='bbox 1863 1577 2113 1654; x_wconf 88' lang='lat' dir='ltr'>inerit.</span> <span class='ocrx_word' id='word_1_99' title='bbox 2224 1574 2424 1655; x_wconf 83' lang='lat' dir='ltr'>mud</span> <span class='ocrx_word' id='word_1_100' title='bbox 2470 1643 2509 1676; x_wconf 74' lang='grc'>,</span> 
     </span>
     <span class='ocr_line' id='line_1_12' title="bbox 167 1682 2422 1794; baseline 0.001 -31"><span class='ocrx_word' id='word_1_101' title='bbox 167 1685 432 1792; x_wconf 84' lang='lat' dir='ltr'>prorsus</span> <span class='ocrx_word' id='word_1_102' title='bbox 467 1687 825 1769; x_wconf 76' lang='lat' dir='ltr'>oratoris,</span> <span class='ocrx_word' id='word_1_103' title='bbox 860 1682 1048 1763; x_wconf 74' lang='lat' dir='ltr'>stite</span> <span class='ocrx_word' id='word_1_104' title='bbox 1082 1683 1209 1761; x_wconf 91' lang='lat' dir='ltr'>ubi</span> <span class='ocrx_word' id='word_1_105' title='bbox 1233 1711 1552 1793; x_wconf 89' lang='lat' dir='ltr'>quoque</span> <span class='ocrx_word' id='word_1_106' title='bbox 1592 1711 1877 1794; x_wconf 81' lang='lat' dir='ltr'>genere</span> <span class='ocrx_word' id='word_1_107' title='bbox 1928 1685 2422 1792; x_wconf 78' lang='lat' dir='ltr'>compositio-</span> 
     </span>
     <span class='ocr_line' id='line_1_13' title="bbox 169 1793 2427 1904; baseline 0.002 -29"><span class='ocrx_word' id='word_1_108' title='bbox 169 1803 268 1875; x_wconf 88' lang='lat' dir='ltr'>nis</span> <span class='ocrx_word' id='word_1_109' title='bbox 295 1798 376 1877; x_wconf 88' lang='lat' dir='ltr'>fit</span> <span class='ocrx_word' id='word_1_110' title='bbox 409 1796 808 1877; x_wconf 83' lang='lat' dir='ltr'>utendum.</span> <span class='ocrx_word' id='word_1_111' title='bbox 875 1797 978 1874; x_wconf 83' lang='lat' dir='ltr'>Ea</span> <span class='ocrx_word' id='word_1_112' title='bbox 1014 1793 1305 1902; x_wconf 82' lang='lat' dir='ltr'>duplex</span> <span class='ocrx_word' id='word_1_113' title='bbox 1328 1795 1763 1877; x_wconf 82' lang='lat' dir='ltr'>observatio</span> <span class='ocrx_word' id='word_1_114' title='bbox 1802 1826 1818 1865; x_wconf 75' lang='grc' dir='ltr'><strong><em>ε</em></strong></span> <span class='ocrx_word' id='word_1_115' title='bbox 1857 1796 2116 1888; x_wconf 83' lang='lat' dir='ltr'>altera,</span> <span class='ocrx_word' id='word_1_116' title='bbox 2140 1825 2310 1904; x_wconf 82' lang='lat' dir='ltr'>quae</span> <span class='ocrx_word' id='word_1_117' title='bbox 2329 1798 2427 1878; x_wconf 89' lang='lat' dir='ltr'>ad</span> 
     </span>
     <span class='ocr_line' id='line_1_14' title="bbox 170 1906 2433 2018; baseline 0.001 -30"><span class='ocrx_word' id='word_1_118' title='bbox 170 1906 369 2014; x_wconf 86' lang='lat' dir='ltr'>pedes</span> <span class='ocrx_word' id='word_1_119' title='bbox 405 1909 784 1988; x_wconf 87' lang='lat' dir='ltr'>refertur:</span> <span class='ocrx_word' id='word_1_120' title='bbox 822 1907 1058 1987; x_wconf 82' lang='lat' dir='ltr'>altera</span> <span class='ocrx_word' id='word_1_121' title='bbox 1080 1963 1103 1997; x_wconf 84' lang='lat'><strong>,</strong></span> <span class='ocrx_word' id='word_1_122' title='bbox 1176 1936 1347 2016; x_wconf 81' lang='lat' dir='ltr'>quae</span> <span class='ocrx_word' id='word_1_123' title='bbox 1383 1908 1480 1987; x_wconf 85' lang='lat' dir='ltr'>ad</span> <span class='ocrx_word' id='word_1_124' title='bbox 1513 1907 2241 2014; x_wconf 73' lang='lat' dir='ltr'>comprehensiones</span> <span class='ocrx_word' id='word_1_125' title='bbox 2263 1937 2433 2018; x_wconf 85' lang='lat' dir='ltr'>quae</span> 
     </span>
     <span class='ocr_line' id='line_1_15' title="bbox 169 2018 2425 2129; baseline 0.002 -32"><span class='ocrx_word' id='word_1_126' title='bbox 169 2020 580 2101; x_wconf 83' lang='lat' dir='ltr'>efficiuntur</span> <span class='ocrx_word' id='word_1_127' title='bbox 609 2048 707 2099; x_wconf 86' lang='lat' dir='ltr'>ex</span> <span class='ocrx_word' id='word_1_128' title='bbox 736 2018 1073 2127; x_wconf 79' lang='lat' dir='ltr'>pedibus,</span> <span class='ocrx_word' id='word_1_129' title='bbox 1139 2024 1234 2098; x_wconf 86' lang='lat' dir='ltr'>Et</span> <span class='ocrx_word' id='word_1_130' title='bbox 1256 2019 1352 2099; x_wconf 90' lang='lat' dir='ltr'>de</span> <span class='ocrx_word' id='word_1_131' title='bbox 1389 2019 1506 2098; x_wconf 85' lang='lat' dir='ltr'>his</span> <span class='ocrx_word' id='word_1_132' title='bbox 1550 2023 1781 2127; x_wconf 74' lang='lat' dir='ltr'>prius,</span> <span class='ocrx_word' id='word_1_133' title='bbox 1873 2023 2238 2101; x_wconf 83' lang='lat' dir='ltr'><strong>Diximus</strong></span> <span class='ocrx_word' id='word_1_134' title='bbox 2285 2025 2425 2129; x_wconf 86' lang='lat' dir='ltr'>igi-</span> 
     </span>
     <span class='ocr_line' id='line_1_16' title="bbox 170 2130 2436 2240; baseline 0 -28"><span class='ocrx_word' id='word_1_135' title='bbox 170 2141 274 2212; x_wconf 77' lang='lat' dir='ltr'>nir</span> <span class='ocrx_word' id='word_1_136' title='bbox 304 2132 438 2213; x_wconf 80' lang='lat' dir='ltr'>effe</span> <span class='ocrx_word' id='word_1_137' title='bbox 472 2131 746 2217; x_wconf 63' lang='lat' dir='ltr'>incifii,</span> <span class='ocrx_word' id='word_1_138' title='bbox 818 2132 1218 2223; x_wconf 87' lang='lat' dir='ltr'>membra,</span> <span class='ocrx_word' id='word_1_139' title='bbox 1270 2134 1645 2211; x_wconf 87' lang='lat' dir='ltr'><strong>circuitus.</strong></span> <span class='ocrx_word' id='word_1_140' title='bbox 1711 2130 2040 2212; x_wconf 87' lang='lat' dir='ltr'>Incisum</span> <span class='ocrx_word' id='word_1_141' title='bbox 2114 2144 2145 2230; x_wconf 89' lang='lat'>(</span> <span class='ocrx_word' id='word_1_142' title='bbox 2193 2160 2436 2240; x_wconf 88' lang='lat' dir='ltr'>quan-</span> 
     </span>
     <span class='ocr_line' id='line_1_17' title="bbox 172 2241 2435 2351; baseline 0.001 -30"><span class='ocrx_word' id='word_1_143' title='bbox 172 2266 313 2322; x_wconf 89' lang='lat' dir='ltr'>tum</span> <span class='ocrx_word' id='word_1_144' title='bbox 352 2272 522 2326; x_wconf 80' lang='lat' dir='ltr'>mea</span> <span class='ocrx_word' id='word_1_145' title='bbox 571 2244 723 2324; x_wconf 86' lang='lat' dir='ltr'>fert</span> <span class='ocrx_word' id='word_1_146' title='bbox 757 2245 1069 2351; x_wconf 86' lang='lat' dir='ltr'>opinio)</span> <span class='ocrx_word' id='word_1_147' title='bbox 1112 2246 1259 2323; x_wconf 86' lang='lat' dir='ltr'>erit</span> <span class='ocrx_word' id='word_1_148' title='bbox 1299 2241 1544 2323; x_wconf 84' lang='lat' dir='ltr'>sensus</span> <span class='ocrx_word' id='word_1_149' title='bbox 1582 2270 1745 2323; x_wconf 91' lang='lat' dir='ltr'>non</span> <span class='ocrx_word' id='word_1_150' title='bbox 1806 2243 2123 2350; x_wconf 89' lang='lat' dir='ltr'>expleto</span> <span class='ocrx_word' id='word_1_151' title='bbox 2159 2273 2435 2324; x_wconf 89' lang='lat' dir='ltr'>nume-</span> 
     </span>
     <span class='ocr_line' id='line_1_18' title="bbox 168 2353 2431 2463; baseline 0 -28"><span class='ocrx_word' id='word_1_152' title='bbox 168 2383 247 2435; x_wconf 87' lang='lat' dir='ltr'>ro</span> <span class='ocrx_word' id='word_1_153' title='bbox 278 2356 664 2454; x_wconf 83' lang='lat' dir='ltr'>conclusus</span> <span class='ocrx_word' id='word_1_154' title='bbox 690 2389 713 2434; x_wconf 78' lang='lat'>.-</span> <span class='ocrx_word' id='word_1_155' title='bbox 753 2356 1132 2463; x_wconf 83' lang='lat' dir='ltr'>pierisque</span> <span class='ocrx_word' id='word_1_156' title='bbox 1195 2382 1370 2460; x_wconf 84' lang='lat' dir='ltr'>pars</span> <span class='ocrx_word' id='word_1_157' title='bbox 1407 2355 1766 2434; x_wconf 84' lang='lat' dir='ltr'>membri.</span> <span class='ocrx_word' id='word_1_158' title='bbox 1822 2353 2012 2434; x_wconf 84' lang='lat' dir='ltr'>Tale</span> <span class='ocrx_word' id='word_1_159' title='bbox 2058 2356 2167 2434; x_wconf 90' lang='lat' dir='ltr'>est</span> <span class='ocrx_word' id='word_1_160' title='bbox 2218 2361 2431 2435; x_wconf 88' lang='lat' dir='ltr'>enim</span> 
     </span>
     <span class='ocr_line' id='line_1_19' title="bbox 167 2464 2433 2582; baseline 0 -35"><span class='ocrx_word' id='word_1_161' title='bbox 167 2491 305 2577; x_wconf 91' lang='lat' dir='ltr'>quo</span> <span class='ocrx_word' id='word_1_162' title='bbox 337 2475 613 2550; x_wconf 85' lang='lat' dir='ltr'>Cicero</span> <span class='ocrx_word' id='word_1_163' title='bbox 652 2471 940 2563; x_wconf 86' lang='lat' dir='ltr'>utitur3</span> <span class='ocrx_word' id='word_1_164' title='bbox 997 2482 1268 2548; x_wconf 78' lang='lat' dir='ltr'><em>Domus</em></span> <span class='ocrx_word' id='word_1_165' title='bbox 1300 2464 1441 2547; x_wconf 85' lang='lat' dir='ltr'>tibi</span> <span class='ocrx_word' id='word_1_166' title='bbox 1478 2468 1724 2548; x_wconf 79' lang='lat' dir='ltr'>decrat</span> <span class='ocrx_word' id='word_1_167' title='bbox 1765 2474 1802 2545; x_wconf 85' lang='lat'><em>?</em></span> <span class='ocrx_word' id='word_1_168' title='bbox 1841 2491 1923 2547; x_wconf 75' lang='lat' dir='ltr'>at</span> <span class='ocrx_word' id='word_1_169' title='bbox 1960 2465 2283 2550; x_wconf 80' lang='lat' dir='ltr'>habebas.</span> <span class='ocrx_word' id='word_1_170' title='bbox 2312 2495 2433 2582; x_wconf 83' lang='lat' dir='ltr'>pe·</span> 
     </span>
     <span class='ocr_line' id='line_1_20' title="bbox 169 2578 2431 2694; baseline 0.001 -36"><span class='ocrx_word' id='word_1_171' title='bbox 169 2592 355 2661; x_wconf 76' lang='lat' dir='ltr'>cunia</span> <span class='ocrx_word' id='word_1_172' title='bbox 359 2580 805 2694; x_wconf 60' lang='lat' dir='ltr'>fitperabat?</span> <span class='ocrx_word' id='word_1_173' title='bbox 834 2605 916 2661; x_wconf 83' lang='lat' dir='ltr'>at</span> <span class='ocrx_word' id='word_1_174' title='bbox 955 2578 1211 2689; x_wconf 79' lang='lat' dir='ltr'>egebas.</span> <span class='ocrx_word' id='word_1_175' title='bbox 1275 2584 1496 2660; x_wconf 83' lang='lat' dir='ltr'>Fiunt</span> <span class='ocrx_word' id='word_1_176' title='bbox 1536 2604 1797 2660; x_wconf 83' lang='lat' dir='ltr'>autem</span> <span class='ocrx_word' id='word_1_177' title='bbox 1846 2585 2082 2661; x_wconf 88' lang='lat' dir='ltr'>etiam</span> <span class='ocrx_word' id='word_1_178' title='bbox 2123 2579 2431 2688; x_wconf 84' lang='lat' dir='ltr'>fingulis</span> 
     </span>
     <span class='ocr_line' id='line_1_21' title="bbox 165 2692 2447 2798; baseline 0.001 -27"><span class='ocrx_word' id='word_1_179' title='bbox 165 2696 389 2774; x_wconf 79' lang='lat' dir='ltr'>verbis</span> <span class='ocrx_word' id='word_1_180' title='bbox 429 2694 698 2775; x_wconf 84' lang='lat' dir='ltr'>incisa:</span> <span class='ocrx_word' id='word_1_181' title='bbox 741 2714 850 2784; x_wconf 81' lang='lat' dir='ltr'>ut3</span> <span class='ocrx_word' id='word_1_182' title='bbox 874 2701 1242 2781; x_wconf 80' lang='lat' dir='ltr'>Diximus,</span> <span class='ocrx_word' id='word_1_183' title='bbox 1278 2692 1665 2798; x_wconf 54' lang='lat' dir='ltr'>testes-dare</span> <span class='ocrx_word' id='word_1_184' title='bbox 1702 2696 2042 2772; x_wconf 68' lang='lat' dir='ltr'>volumus.</span> <span class='ocrx_word' id='word_1_185' title='bbox 2111 2692 2447 2773; x_wconf 59' lang='lat' dir='ltr'>Incisum‘</span> 
     </span>
     <span class='ocr_line' id='line_1_22' title="bbox 169 2802 2434 2891; baseline 0.002 -12"><span class='ocrx_word' id='word_1_186' title='bbox 169 2802 281 2891; x_wconf 69' lang='lat' dir='ltr'>effi</span> <span class='ocrx_word' id='word_1_187' title='bbox 309 2806 642 2886; x_wconf 77' lang='lat' dir='ltr'>diximus.</span> <span class='ocrx_word' id='word_1_188' title='bbox 687 2804 1133 2886; x_wconf 86' lang='lat' dir='ltr'>Membrum</span> <span class='ocrx_word' id='word_1_189' title='bbox 1175 2826 1434 2884; x_wconf 86' lang='lat' dir='ltr'>autem</span> <span class='ocrx_word' id='word_1_190' title='bbox 1470 2804 1579 2883; x_wconf 88' lang='lat' dir='ltr'>est</span> <span class='ocrx_word' id='word_1_191' title='bbox 1597 2803 1842 2885; x_wconf 87' lang='lat' dir='ltr'>sensus</span> <span class='ocrx_word' id='word_1_192' title='bbox 1881 2808 2221 2885; x_wconf 87' lang='lat' dir='ltr'>numeris</span> <span class='ocrx_word' id='word_1_193' title='bbox 2249 2834 2434 2884; x_wconf 89' lang='lat' dir='ltr'>con-</span> 
     </span>
     <span class='ocr_line' id='line_1_23' title="bbox 167 2915 2436 3022; baseline 0.001 -30"><span class='ocrx_word' id='word_1_194' title='bbox 167 2915 424 3009; x_wconf 59' lang='lat' dir='ltr'>effusus,</span> <span class='ocrx_word' id='word_1_195' title='bbox 469 2917 607 2997; x_wconf 86' lang='lat' dir='ltr'>sed</span> <span class='ocrx_word' id='word_1_196' title='bbox 647 2945 689 2996; x_wconf 88' lang='lat' dir='ltr'>a</span> <span class='ocrx_word' id='word_1_197' title='bbox 725 2938 899 2996; x_wconf 87' lang='lat' dir='ltr'>toto</span> <span class='ocrx_word' id='word_1_198' title='bbox 940 2942 1272 3022; x_wconf 88' lang='lat' dir='ltr'>corpore</span> <span class='ocrx_word' id='word_1_199' title='bbox 1312 2916 1712 3021; x_wconf 86' lang='lat' dir='ltr'>abruptus,</span> <span class='ocrx_word' id='word_1_200' title='bbox 1809 2922 1888 2997; x_wconf 86' lang='lat'>&amp;</span> <span class='ocrx_word' id='word_1_201' title='bbox 1922 2944 2064 3022; x_wconf 89' lang='lat' dir='ltr'>per</span> <span class='ocrx_word' id='word_1_202' title='bbox 2090 2916 2181 2996; x_wconf 75' lang='lat' dir='ltr'>&#39;se</span> <span class='ocrx_word' id='word_1_203' title='bbox 2238 2916 2436 2996; x_wconf 90' lang='lat' dir='ltr'>nihil</span> 
     </span>
     <span class='ocr_line' id='line_1_24' title="bbox 165 3026 2435 3135; baseline 0 -28"><span class='ocrx_word' id='word_1_204' title='bbox 165 3029 506 3131; x_wconf 72' lang='lat' dir='ltr'>efficiens.</span> <span class='ocrx_word' id='word_1_205' title='bbox 575 3028 659 3108; x_wconf 85' lang='lat' dir='ltr'>ld</span> <span class='ocrx_word' id='word_1_206' title='bbox 693 3031 932 3118; x_wconf 74' lang='lat' dir='ltr'>enim3</span> <span class='ocrx_word' id='word_1_207' title='bbox 978 3046 1034 3107; x_wconf 88' lang='lat'><em>0</em></span> <span class='ocrx_word' id='word_1_208' title='bbox 1071 3028 1358 3107; x_wconf 66' lang='lat' dir='ltr'>cadidos</span> <span class='ocrx_word' id='word_1_209' title='bbox 1391 3026 1711 3107; x_wconf 84' lang='lat' dir='ltr'>homines</span> <span class='ocrx_word' id='word_1_210' title='bbox 1747 3026 1762 3103; x_wconf 74' lang='grc' dir='ltr'>ἔ</span> <span class='ocrx_word' id='word_1_211' title='bbox 1804 3028 2233 3135; x_wconf 73' lang='lat' dir='ltr'>perfectum</span> <span class='ocrx_word' id='word_1_212' title='bbox 2282 3027 2435 3107; x_wconf 86' lang='lat' dir='ltr'>est:</span> 
     </span>
     <span class='ocr_line' id='line_1_25' title="bbox 160 3137 2445 3245; baseline 0.001 -30"><span class='ocrx_word' id='word_1_213' title='bbox 160 3162 232 3216; x_wconf 70' lang='lat' dir='ltr'>at</span> <span class='ocrx_word' id='word_1_214' title='bbox 263 3165 657 3222; x_wconf 87' lang='lat' dir='ltr'>remotum</span> <span class='ocrx_word' id='word_1_215' title='bbox 714 3169 757 3220; x_wconf 88' lang='lat' dir='ltr'>a</span> <span class='ocrx_word' id='word_1_216' title='bbox 789 3142 1102 3229; x_wconf 70' lang='lat' dir='ltr'>caeteris,</span> <span class='ocrx_word' id='word_1_217' title='bbox 1152 3144 1315 3221; x_wconf 88' lang='lat' dir='ltr'>vim</span> <span class='ocrx_word' id='word_1_218' title='bbox 1353 3165 1515 3219; x_wconf 93' lang='lat' dir='ltr'>non</span> <span class='ocrx_word' id='word_1_219' title='bbox 1554 3137 1832 3245; x_wconf 76' lang='lat' dir='ltr'>habet.-</span> <span class='ocrx_word' id='word_1_220' title='bbox 1886 3160 1972 3217; x_wconf 88' lang='lat' dir='ltr'>ut</span> <span class='ocrx_word' id='word_1_221' title='bbox 2005 3138 2241 3244; x_wconf 87' lang='lat' dir='ltr'>perse</span> <span class='ocrx_word' id='word_1_222' title='bbox 2281 3166 2445 3218; x_wconf 84' lang='lat' dir='ltr'>ma-</span> 
     </span>
     <span class='ocr_line' id='line_1_26' title="bbox 167 3255 2446 3361; baseline 0 -33"><span class='ocrx_word' id='word_1_223' title='bbox 167 3276 317 3345; x_wconf 72' lang='lat' dir='ltr'>nuS,</span> <span class='ocrx_word' id='word_1_224' title='bbox 361 3260 433 3334; x_wconf 71' lang='grc' dir='ltr'>δ(</span> <span class='ocrx_word' id='word_1_225' title='bbox 452 3281 622 3361; x_wconf 84' lang='lat' dir='ltr'>pes,</span> <span class='ocrx_word' id='word_1_226' title='bbox 659 3258 739 3333; x_wconf 76' lang='grc' dir='ltr'>δε</span> <span class='ocrx_word' id='word_1_227' title='bbox 761 3272 1022 3358; x_wconf 78' lang='lat' dir='ltr'>caput.</span> <span class='ocrx_word' id='word_1_228' title='bbox 1067 3255 1248 3342; x_wconf 76' lang='lat'>&amp;30</span> <span class='ocrx_word' id='word_1_229' title='bbox 1287 3279 1435 3329; x_wconf 88' lang='lat' dir='ltr'>rem</span> <span class='ocrx_word' id='word_1_230' title='bbox 1493 3258 2022 3360; x_wconf 81' lang='lat' dir='ltr'>excogitatam!</span> <span class='ocrx_word' id='word_1_231' title='bbox 2067 3282 2105 3330; x_wconf 87' lang='lat' dir='ltr'><em>o</em></span> <span class='ocrx_word' id='word_1_232' title='bbox 2152 3257 2446 3359; x_wconf 74' lang='lat' dir='ltr'>ingenia</span> 
     </span>
     <span class='ocr_line' id='line_1_27' title="bbox 163 3360 2524 3470; baseline -0.001 -27"><span class='ocrx_word' id='word_1_233' title='bbox 163 3366 518 3447; x_wconf 53' lang='lat' dir='ltr'>metanda</span> <span class='ocrx_word' id='word_1_234' title='bbox 545 3376 587 3447; x_wconf 72' lang='grc' dir='ltr'><em>Ι</em></span> <span class='ocrx_word' id='word_1_235' title='bbox 625 3363 966 3465; x_wconf 84' lang='lat' dir='ltr'>Qando</span> <span class='ocrx_word' id='word_1_236' title='bbox 998 3389 1188 3470; x_wconf 86' lang='lat' dir='ltr'>ergo</span> <span class='ocrx_word' id='word_1_237' title='bbox 1223 3365 1496 3468; x_wconf 85' lang='lat' dir='ltr'>incipit</span> <span class='ocrx_word' id='word_1_238' title='bbox 1527 3389 1807 3469; x_wconf 90' lang='lat' dir='ltr'>corpus</span> <span class='ocrx_word' id='word_1_239' title='bbox 1843 3360 1987 3441; x_wconf 87' lang='lat' dir='ltr'>esse</span> <span class='ocrx_word' id='word_1_240' title='bbox 2022 3361 2068 3443; x_wconf 71' lang='lat' dir='ltr'>&#39;t‘</span> <span class='ocrx_word' id='word_1_241' title='bbox 2096 3388 2274 3441; x_wconf 88' lang='lat' dir='ltr'>cum</span> <span class='ocrx_word' id='word_1_242' title='bbox 2312 3390 2446 3443; x_wconf 86' lang='lat' dir='ltr'>ve-</span> <span class='ocrx_word' id='word_1_243' title='bbox 2516 3391 2524 3397; x_wconf 91' lang='lat'><em>·</em></span> 
     </span>
     <span class='ocr_line' id='line_1_28' title="bbox 163 3466 2450 3583; baseline 0.001 -33"><span class='ocrx_word' id='word_1_244' title='bbox 163 3477 278 3552; x_wconf 71' lang='lat' dir='ltr'>nit</span> <span class='ocrx_word' id='word_1_245' title='bbox 297 3466 645 3565; x_wconf 54' lang='lat' dir='ltr'>&amp;trema</span> <span class='ocrx_word' id='word_1_246' title='bbox 680 3473 1096 3564; x_wconf 88' lang='lat' dir='ltr'>conclufio,·</span> <span class='ocrx_word' id='word_1_247' title='bbox 1162 3483 1427 3579; x_wconf 75' lang='lat' dir='ltr'>Qem,</span> <span class='ocrx_word' id='word_1_248' title='bbox 1462 3475 1696 3583; x_wconf 76' lang='lat' dir='ltr'><em>quaefi,</em></span> <span class='ocrx_word' id='word_1_249' title='bbox 1737 3475 2039 3578; x_wconf 74' lang='lat' dir='ltr'>nestrum</span> <span class='ocrx_word' id='word_1_250' title='bbox 2049 3476 2336 3581; x_wconf 72' lang='lat' dir='ltr'>fififfit,</span> <span class='ocrx_word' id='word_1_251' title='bbox 2360 3474 2450 3553; x_wconf 86' lang='lat' dir='ltr'>id</span> 
     </span>
     <span class='ocr_line' id='line_1_29' title="bbox 163 3583 2437 3699; baseline 0.002 -39"><span class='ocrx_word' id='word_1_252' title='bbox 163 3586 568 3699; x_wconf 50' lang='lat' dir='ltr'>vvi&#39;itkff</span> <span class='ocrx_word' id='word_1_253' title='bbox 605 3592 937 3696; x_wconf 70' lang='lat' dir='ltr'>fhc‘luros</span> <span class='ocrx_word' id='word_1_254' title='bbox 967 3596 1005 3665; x_wconf 87' lang='lat'><em>?</em></span> <span class='ocrx_word' id='word_1_255' title='bbox 1079 3591 1342 3691; x_wconf 82' lang='lat' dir='ltr'>Qam</span> <span class='ocrx_word' id='word_1_256' title='bbox 1403 3590 1682 3666; x_wconf 86' lang='lat' dir='ltr'>Cicero</span> <span class='ocrx_word' id='word_1_257' title='bbox 1740 3583 2279 3683; x_wconf 19' lang='lat' dir='ltr'>brevissimam‘</span> <span class='ocrx_word' id='word_1_258' title='bbox 2292 3612 2437 3693; x_wconf 81' lang='lat' dir='ltr'>pu-</span> 
     </span>
     <span class='ocr_line' id='line_1_30' title="bbox 157 3696 2444 3810; baseline 0.002 -37"><span class='ocrx_word' id='word_1_259' title='bbox 157 3716 290 3774; x_wconf 73' lang='lat' dir='ltr'>tat:</span> <span class='ocrx_word' id='word_1_260' title='bbox 333 3704 636 3810; x_wconf 64' lang='lat' dir='ltr'>&#39;su-{que</span> <span class='ocrx_word' id='word_1_261' title='bbox 678 3701 836 3778; x_wconf 88' lang='lat' dir='ltr'>fere</span> <span class='ocrx_word' id='word_1_262' title='bbox 880 3698 1114 3778; x_wconf 75' lang='lat' dir='ltr'>incisa</span> <span class='ocrx_word' id='word_1_263' title='bbox 1152 3704 1230 3778; x_wconf 77' lang='grc' dir='ltr'>δε</span> <span class='ocrx_word' id='word_1_264' title='bbox 1260 3698 1611 3778; x_wconf 88' lang='lat' dir='ltr'>membra</span> <span class='ocrx_word' id='word_1_265' title='bbox 1653 3699 1899 3777; x_wconf 84' lang='lat' dir='ltr'>mixta</span> <span class='ocrx_word' id='word_1_266' title='bbox 1929 3696 2121 3789; x_wconf 88' lang='lat' dir='ltr'>sunt,</span> <span class='ocrx_word' id='word_1_267' title='bbox 2148 3703 2226 3778; x_wconf 75' lang='grc' dir='ltr'>ὃ(</span> <span class='ocrx_word' id='word_1_268' title='bbox 2257 3708 2444 3778; x_wconf 76' lang='lat' dir='ltr'>c⁴o‘n-</span> 
     </span>
     <span class='ocr_line' id='line_1_31' title="bbox 155 3804 2447 3919; baseline 0.001 -33"><span class='ocrx_word' id='word_1_269' title='bbox 155 3804 588 3892; x_wconf 38' lang='lat' dir='ltr'>elusionem*</span> <span class='ocrx_word' id='word_1_270' title='bbox 636 3814 904 3919; x_wconf 87' lang='lat' dir='ltr'>utique</span> <span class='ocrx_word' id='word_1_271' title='bbox 960 3807 1410 3890; x_wconf 71' lang='lat' dir='ltr'>desiderant.</span> <span class='ocrx_word' id='word_1_272' title='bbox 1509 3807 1856 3889; x_wconf 76' lang='lat' dir='ltr'>&#39;Periodo</span> <span class='ocrx_word' id='word_1_273' title='bbox 1894 3810 1899 3813; x_wconf 78' lang='grc'><em>’</em></span> <span class='ocrx_word' id='word_1_274' title='bbox 1912 3809 2249 3916; x_wconf 87' lang='lat' dir='ltr'>plurima</span> <span class='ocrx_word' id='word_1_275' title='bbox 2303 3837 2447 3889; x_wconf 80' lang='lat' dir='ltr'>no·</span> 
     </span>
     <span class='ocr_line' id='line_1_32' title="bbox 161 3920 2442 4030; baseline 0.001 -34"><span class='ocrx_word' id='word_1_276' title='bbox 161 3921 368 4001; x_wconf 83' lang='lat' dir='ltr'>&#39;mina</span> <span class='ocrx_word' id='word_1_277' title='bbox 406 3922 541 4003; x_wconf 83' lang='lat' dir='ltr'>dat</span> <span class='ocrx_word' id='word_1_278' title='bbox 569 3925 893 4013; x_wconf 90' lang='lat' dir='ltr'>Cicero,</span> <span class='ocrx_word' id='word_1_279' title='bbox 928 3921 1336 4012; x_wconf 84' lang='lat' dir='ltr'>ambitum,</span> <span class='ocrx_word' id='word_1_280' title='bbox 1373 3922 1788 4001; x_wconf 77' lang='lat' dir='ltr'>circuitum</span> <span class='ocrx_word' id='word_1_281' title='bbox 1812 3976 1836 4012; x_wconf 88' lang='lat'><strong>,</strong></span> <span class='ocrx_word' id='word_1_282' title='bbox 1871 3920 2442 4030; x_wconf 76' lang='lat' dir='ltr'>comprehensi-</span> 
     </span>
     <span class='ocr_line' id='line_1_33' title="bbox 157 4031 2446 4143; baseline -0.005 -25"><span class='ocrx_word' id='word_1_283' title='bbox 157 4056 433 4130; x_wconf 75' lang='lat' dir='ltr'>onem,</span> <span class='ocrx_word' id='word_1_284' title='bbox 469 4036 1190 4124; x_wconf 80' lang='lat' dir='ltr'>continuationem,</span> <span class='ocrx_word' id='word_1_285' title='bbox 1230 4031 2048 4143; x_wconf 78' lang='lat' dir='ltr'>circumscriptionem.</span> <span class='ocrx_word' id='word_1_286' title='bbox 2141 4038 2446 4112; x_wconf 84' lang='lat' dir='ltr'>Genera</span> 
     </span>
    </p>
   </div>
   <div class='ocr_carea' id='block_1_3' title="bbox 1189 4142 2477 4250">
    <p class='ocr_par' dir='ltr' id='par_1_3' title="bbox 1189 4142 2477 4250">
     <span class='ocr_line' id='line_1_34' title="bbox 1189 4142 2477 4250; baseline -0.003 -24"><span class='ocrx_word' id='word_1_287' title='bbox 1189 4151 1266 4227; x_wconf 94' lang='lat' dir='ltr'>D</span> <span class='ocrx_word' id='word_1_288' title='bbox 1291 4142 1345 4224; x_wconf 91' lang='lat' dir='ltr'>d</span> <span class='ocrx_word' id='word_1_289' title='bbox 1366 4142 1418 4224; x_wconf 91' lang='lat' dir='ltr'>d</span> <span class='ocrx_word' id='word_1_290' title='bbox 1442 4143 1495 4223; x_wconf 93' lang='lat' dir='ltr'>d</span> <span class='ocrx_word' id='word_1_291' title='bbox 2298 4144 2477 4250; x_wconf 32' lang='lat' dir='ltr'>ejus„</span> 
     </span>
    </p>
   </div>
  </div>
 </body>
</html>
